2250 3990
83 174 150 237 782
367 186 397 241 Q.
431 184 589 227 nonu-11
621 183 753 227 rttcct

84 273 155 323 hoec
174 273 223 333 est,
243 267 272 316 et
288 266 401 334 egregie
417 265 572 330 sementim
599 265 677 319 unde
694 274 724 318 st
739 266 845 321 Griicli
860 276 1030 325 eeteromm-

86 355 140 407 que
157 336 352 403 interpunctio
371 332 455 385 facile
471 332 667 402 redarguitur3
683 342 714 387 et
731 334 863 391 Lambini
879 342 975 409 gravit
990 358 1031 393 er·
1050 380 1053 392 .

83 422 134 458 ror
151 404 302 471 refutatur,
321 401 371 473 qui
387 400 506 454 fidenter
523 402 724 471 interpolabat,
1049 410 1053 420 “

628 488 667 523 un
686 488 778 522 omnes

156 540 266 591 Visurcs
281 550 390 606 peccatu
404 550 493 605 putem
509 552 575 605 meu,
594 552 669 591 tutus
685 553 714 590 rt
731 548 811 595 extr·

154 611 231 676 Spem
248 609 342 657 veniae
363 606 477 656 cautus?
1051 662 1053 667 Ι

85 678 121 730 Et
138 694 213 745 sane,
233 678 256 727 si
273 693 310 725 an
326 675 374 726 hic
392 672 506 741 legeris,
522 680 553 725 et
569 672 782 743 oppositionem
797 674 829 727 iu
846 673 891 728 bit
906 694 967 733 esse
984 680 1031 733 tin·
1049 682 1053 728 t

85 748 175 811 neris,
204 744 356 795 Scribcmne
378 743 504 793 licenter:
529 760 567 793 au
589 752 688 813 contra
713 762 772 794 nort
788 746 903 811 peccabo
927 766 973 816 spe
991 764 1031 799 vt·
1051 804 1053 809 ,

84 820 164 876 niam
193 812 402 882 quandoquidem
419 827 508 861 omnes
522 828 582 861 mea
598 825 705 877 peccata
722 814 829 863 visuros
848 827 953 880 putem,
973 834 1031 885 spe·
1049 839 1053 860 t

85 887 160 935 ciem
182 882 243 933 veri
266 880 381 932 hebebit
400 878 532 929 Lambini
550 879 700 931 correctio.
736 883 841 933 Verum
859 881 932 933 haec
949 886 1030 935 inter·
1051 930 1053 935 .

84 950 205 1023 pictatio
226 962 293 1000 cum
311 946 489 1016 sequentibus
513 956 631 1015 pugnat:
649 946 699 1017 qui
724 945 801 999 enim
818 960 952 1003 tccnrste
967 953 1031 1005 scri·

83 1022 140 1085 bit,
176 1018 254 1070 omni
279 1025 461 1085 peccatorum
483 1015 566 1067 verrin
588 1016 643 1067 sibi
668 1018 807 1085 praeciso,
842 1034 906 1069 nou
929 1021 1033 1088 culpam

84 1087 170 1141 modo
186 1090 269 1148 vitot,
298 1084 346 1135 sed
371 1093 400 1132 et
428 1084 532 1133 laudem
549 1098 670 1135 intretur.
703 1084 846 1135 Nimirum
866 1102 916 1149 ea,
949 1105 1033 1157 quam

83 1160 142 1217 ium
160 1153 346 1218 adsciscimus,
365 1149 451 1203 lectio
470 1150 531 1203 sols
546 1166 609 1217 rem
624 1168 736 1204 omnem
752 1152 881 1230 expedit:
905 1153 993 1207 Tutus
1009 1168 1033 1207 tt

84 1228 116 1278 in
137 1232 254 1287 tanturn,
274 1228 395 1283 eatenus,
415 1218 550 1272 hactenus
568 1234 667 1284 cautus,
687 1228 718 1269 ut
729 1231 841 1271 ventum
854 1237 915 1272 non
932 1224 1034 1294 despe-

82 1310 160 1356 rem,
188 1291 238 1341 etsi
254 1298 351 1340 ornnes
369 1302 433 1339 mee
474 1296 571 1340 ecostt
597 1284 833 1340 animadvertam
859 1290 1033 1345 existimem·

82 1362 164 1413 Vides
181 1360 246 1422 ium,
267 1354 336 1425 quid
352 1356 406 1407 sibi
423 1305 493 1407 velit
508 1358 586 1407 Intra
602 1374 672 1424 spem
687 1358 780 1406 veniae
797 1369 899 1408 cautus.
923 1363 962 1411 ut
979 1360 1032 1413 mi·

80 1430 177 1483 riiicut
194 1426 278 1496 plone
292 1434 337 1475 est
349 1423 504 1491 Dccierius,
523 1428 572 1493 qui
592 1422 722 1477 Latobini
740 1424 1033 1492 quidemoeitnrrstio-

80 1512 147 1552 nem
164 1494 298 1563 sequitur,
317 1493 420 1544 retinet
437 1501 531 1549 tumen
544 1494 631 1551 intra;
649 1493 937 1564 contenditqueintra
949 1514 1031 1563 spera,

80 1564 270 1634 perindefetse
287 1579 320 1613 ac
331 1560 415 1611 Extra
429 1578 511 1627 spem,
527 1561 587 1613 rive
604 1563 662 1611 sinc
677 1578 723 1629 spe
739 1563 839 1613 veniat.
863 1565 1031 1633 Arrigemus

81 1650 176 1688 aures:
198 1642 230 1683 ut
244 1646 350 1683 novum
367 1631 420 1681 hoc
437 1639 466 1680 et
481 1629 642 1682 inauditum
661 1628 784 1695 velsero
803 1629 954 1683 discamus.
972 1634 1029 1701 Sic,

81 1702 184 1771 inquit,
203 1699 277 1770 apud
293 1698 408 1749 Florum
428 1700 501 1747 iutro
515 1698 632 1764 gloriam
649 1697 727 1749 idem
743 1706 784 1749 eet
798 1714 833 1749 tte
848 1700 908 1749 tine
925 1700 1028 1765 gloria.

81 1774 142 1825 Hoc
161 1786 227 1821 veto
246 1785 289 1817 vin
309 1768 402 1818 minus
418 1766 616 1818 admirandum
633 1774 682 1833 est,
699 1780 784 1835 quam
802 1764 876 1817 illud
892 1765 1027 1822 alterum.

81 1841 230 1891 Videamus
247 1836 343 1887 locum
361 1836 389 1901 1,
409 1846 434 1900 3.
452 1834 501 1886 ubi
518 1834 553 1884 dc
569 1834 688 1885 Horatio
705 1834 813 1903 agitur,
830 1834 881 1904 qui
896 1849 1027 1891 sororem

3 1940 10 1947 -
81 1918 141 1977 post
159 1905 218 1955 eius
237 1904 385 1955 victoriam
402 1902 519 1953 flentem
536 1903 613 1954 ferro
631 1901 792 1963 occiderem
813 1902 1027 1972 circumteget

80 1976 172 2040 nesus:
199 1974 245 2022 scd
268 1971 376 2021 obstulit
399 1974 484 2020 virtus
498 1970 660 2037 parricidam
665 1986 679 2033 ,⁸
707 1982 731 2020 ct
744 1970 855 2036 facinus
871 1972 945 2025 intre
965 1974 1026 2041 glo·

80 2047 150 2092 riam
169 2042 234 2105 j'ut't.
276 2038 352 2106 Quid
377 2037 465 2105 ergo?
493 2056 532 2088 au
554 2038 609 2090 hoc
635 2042 691 2089 siue
714 2040 804 2105 gloria
827 2040 1025 2108 interpretabi-

78 2110 162 2161 mur?
187 2106 262 2156 haud
280 2107 339 2155 vidi
356 2105 453 2171 magis.
488 2108 578 2157 Immo
595 2106 671 2158 idem
689 2104 736 2156 hic
754 2109 849 2170 Intra,
867 2108 938 2177 quod
958 2110 1024 2160 ubi·

79 2193 132 2245 que
151 2173 220 2224 elias
239 2173 387 2240 significat.
421 2173 541 2223 Facinus
565 2176 638 2224 intra
659 2176 773 2242 gloriam
796 2176 866 2242 fuit,
893 2190 949 2227 non
974 2194 1022 2227 ex·

79 2243 160 2295 cessit
188 2240 323 2297 victorine
349 2240 484 2308 glorium,
518 2242 690 2295 obruebatur
712 2253 741 2293 et
763 2243 978 2312 extinguebatur
1005 2263 1022 2297 ι

79 2313 178 2383 gloria,
199 2310 239 2361 sic
257 2318 288 2358 ut
305 2325 369 2359 reus
387 2308 584 2362 absolveretur.
621 2316 655 2362 At
678 2312 701 2362 si
720 2313 777 2362 sine
794 2312 885 2376 glorio
903 2322 963 2363 erat
979 2314 1022 2366 fu-

78 2385 174 2448 cinus;
192 2380 296 2430 mirum
316 2377 384 2428 adeo
403 2379 433 2428 ni
453 2394 516 2429 reus
535 2379 724 2431 damnaretur.
759 2382 905 2430 Facessant
930 2380 1022 2449 igitur

77 2449 263 2502 febriculosus
286 2447 501 2514 explicationes3
530 2457 558 2500 et
581 2465 647 2498 veru
670 2449 792 2499 lectione
818 2457 930 2515 repertu
953 2466 1020 2500 con·

78 2520 264 2588 quiescamus:
292 2528 374 2584 quain
391 2526 419 2564 et
437 2515 604 2567 scholiastae
622 2516 692 2567 olim
710 2517 814 2568 Acroni
831 2517 974 2582 cognitam
993 2528 1021 2568 et

77 2590 223 2657 probatam
240 2586 382 2635 comitere
399 2583 474 2633 licet.
508 2582 555 2634 Sic
573 2587 650 2636 enim
668 2584 717 2635 ille
735 2592 860 2637 enarrat:
880 2582 922 2634 Ᾱη
939 2584 1020 2636 debeo

77 2672 182 2706 securus
202 2672 264 2715 esse,
283 2654 344 2701 dota
363 2655 452 2714 venia,
471 2654 596 2719 quumvis
612 2654 702 2719 palam
721 2667 798 2704 erunt
812 2666 921 2719 peccata
939 2655 1021 2703 ineo?

77 2726 159 2774 Certe
176 2723 225 2789 qui
243 2722 311 2771 haec
331 2721 586 2788 commentabatur,
614 2739 672 2774 non
690 2738 737 2786 an,
767 2735 866 2774 verum
882 2734 928 2786 ut,
946 2722 1020 2774 sicut

77 2809 127 2844 nos
144 2791 236 2855 hodie,
256 2788 373 2855 legebat.

110 2874 166 2929 cqc.
188 2860 220 2908 At
236 2859 320 2906 nostri
337 2856 430 2922 proavi
448 2852 596 2922 Plautinos]
632 2854 674 2906 Ita
698 2868 775 2906 nunc
799 2854 860 2907 iere
883 2852 1016 2923 editores,

76 2927 171 2979 Nostri
192 2929 300 2992 procui:
330 2939 394 2974 cum
419 2933 447 2974 et
471 2922 607 2976 editiones
627 2926 767 2991 principes
792 2932 820 2975 ct
842 2940 940 2975 omnes
958 2926 1018 2976 iere

75 2998 202 3047 omnium
219 2996 413 3058 membranae,
438 3001 547 3042 nostrae
564 3001 638 3042 certe
656 2991 802 3056 meliores,
830 2993 1015 3060 Graecisms,

76 3064 230 3128 Vossianae,
252 3060 406 3123 Leidensem
425 3060 594 3127 Reginenses
613 3074 677 3109 cum
694 3058 758 3108 eliis
776 3059 907 3125 habeant,

143 3134 176 3182 At
194 3134 276 3181 vestri
296 3132 389 3198 proavi
406 3128 545 3178 Plautinos
560 3142 585 3178 et
603 3144 722 3176 numeros
741 3140 765 3176 et

141 3200 295 3250 Laudavere
312 3201 396 3258 scles;
414 3198 523 3247 nimium
539 3197 668 3262 patienter
684 3208 830 3263 utrumque,

142 3267 185 3318 Ne
203 3269 289 3316 dicuni
305 3268 392 3329 stulte,
410 3267 507 3315 mirati.

75 3335 151 3406 Quid
170 3344 263 3386 nutem
283 3336 381 3387 attinet
404 3350 421 3385 u
444 3333 576 3384 codicum
600 3331 763 3383 auctoritate
791 3325 956 3393 discedere3
988 3340 1025 3383 ut·

75 3404 241 3468 lectionem,
274 3406 297 3455 si
322 3401 581 3465 nondeteriorem,
610 3410 638 3450 st
661 3409 736 3451 certe
753 3397 847 3450 nihilo
866 3402 1018 3452 meliorent

74 3473 255 3541 adoptemur?
295 3474 378 3523 Vestri
392 3473 498 3538 proavi,
525 3488 540 3520 o
560 3468 685 3529 Pisonem
709 3485 775 3522 num
791 3466 843 3520 hot
862 3469 923 3520 ium
941 3485 1018 3522 com·

75 3540 244 3605 pellauerut:
