2250 3990
75 110 118 177 66
364 123 396 186 q.
434 118 593 164 aarum
628 88 762 162 rnscor

144 208 226 276 Saepe
243 217 318 259 trans
328 201 419 271 finem
438 203 529 253 iacula
548 202 649 253 nabilis
668 194 831 273 expedito.''
882 196 891 245 ’-

77 289 109 334 et
126 276 263 351 proinde,
293 280 326 324 ut
343 273 386 323 ibi
403 285 478 323 trans
488 271 577 337 fi'ne'm
594 270 730 339 expedita,
757 270 861 325 itidem
878 274 905 325 el

77 349 135 403 luit
152 347 223 397 altra
240 343 382 393 terminum
399 341 553 408 expeditas&¹
565 339 695 391 nesciens
713 340 845 411 scilieet,
862 360 909 409 vag

74 417 231 477 suminam,
248 412 346 463 veiam
362 409 411 460 bic
429 408 671 467 constructionem
689 426 756 460 esse.

117 501 157 551 14.
175 480 286 532 Daunia
305 480 335 528 in
350 476 486 540 latisalit
506 474 640 542 esculens]
661 475 707 527 Sic
728 493 837 549 omnes,
857 492 909 527 eres

79 553 140 607 lam
164 552 199 603 ab
224 547 305 600 annis
329 545 393 617 plus
417 554 548 597 eentum:
577 542 675 597 nullae
700 554 813 613 tamen,
842 544 909 615 quoi

80 620 264 677 membranae
288 615 330 667 eia
355 622 581 684 repraesentatrix
606 628 706 665 verum
725 613 900 683 antiquiores

81 690 165 749 ἱρείη
200 694 232 736 ut
264 691 377 754 praeter
403 683 524 737 aliorum
552 678 675 733 Codices'
699 682 795 733 Nostri
824 680 903 737 Leid.

81 759 185 811 Graer.
206 763 234 805 et
251 770 268 805 a
285 768 374 804 mauu
397 752 491 820 prima
507 749 689 820 Baginensis3
723 766 792 801 nam
816 749 901 802 litera

80 842 162 878 erasa
181 832 236 874 est:
265 816 372 872 caeteri
396 828 491 870 autem
514 820 627 869 Daunia
653 819 718 868 laris
741 819 804 870 sine
829 834 909 889 praep

81 895 139 947 Par
157 891 243 943 etiam
261 888 380 940 varietas
397 898 437 938 est
455 888 485 937 in
505 886 678 938 editionibus
696 886 812 955 priscis3
839 888 909 938 Vens

23 985 24 989 ,
85 968 160 1037 ²478·
197 956 309 1009 Daunia
325 956 405 1023 latis:
423 955 560 1007 Loscheri
580 966 652 1022 1498.
672 955 799 1007 Daunias
812 955 909 1005 latist‘

84 1027 225 1084 credibile
245 1024 281 1077 sit
299 1023 450 1076 lectionem
469 1023 565 1089 illam,
588 1040 660 1092 quae
676 1022 764 1075 hodie
775 1024 907 1091 obtinet,

83 1101 116 1152 in
144 1098 221 1159 latis,
243 1093 293 1144 -in
317 1091 407 1143 nullis
432 1092 552 1145 omnino
579 1090 783 1161 manuscriptis
808 1108 887 1149 nuno

115 1166 164 1217 uid
180 1164 271 1232 igitur
292 1160 362 1215 fiet?
396 1161 536 1224 Daunias,
566 1161 742 1224 Dauniados,
775 1160 887 1211 Graeca

85 1244 180 1299 trane,
200 1229 327 1296 erudite,
357 1236 388 1279 ut
407 1228 464 1280 alia
481 1228 591 1293 omniu,
617 1227 746 1279 defendit
763 1228 897 1281 Nicoluus

86 1303 122 1355 ad
149 1299 233 1353 Ovid.
270 1297 324 1365 Sap
345 1296 382 1348 ho
399 1297 506 1349 Phaon.
528 1296 631 1361 *1.164η
676 1296 814 1362 Daunias,
842 1299 909 1366 inqu

87 1371 199 1433 Graeco,
218 1378 248 1418 at
267 1315 410 1434 Cepliesias
427 1383 491 1431 ora,
511 1364 628 1415 Phasias
645 1377 733 1428 terra,
754 1364 874 1417 Hadrias
892 1385 908 1415 u

85 1441 141 1492 tias
160 1435 287 1501 Orithyia
293 1452 304 1495 ‚⁴
319 1434 425 1503 ‘quibus
442 1433 655 1502 addipossent,
669 1432 806 1498 Lemnias,
827 1435 909 1501 Scyris

58 1498 61 1505 ’
87 1510 152 1571 sias,
170 1504 306 1573 Mynetas,
325 1512 353 1554 et
372 1501 429 1555 alia
447 1503 607 1557 innumera.
644 1500 697 1552 Sed
716 1500 767 1553 illa
785 1502 894 1555 Graeca

87 1576 229 1627 Graecam
248 1570 443 1623 inflexionem
466 1571 591 1631 libenter
608 1569 670 1622 acci
691 1568 771 1622 iunt:
800 1587 874 1640 quae
896 1578 909 1621 t

87 1642 191 1697 Latino
209 1641 320 1693 Daunia
338 1639 466 1707 invidus,
488 1640 520 1690 ni
536 1636 630 1705 fallor,
651 1587 825 1689 admittetur.
862 1638 909 1690 1111

87 1711 181 1781 magis
199 1710 323 1775 adrem,
343 1712 428 1780 quod,
448 1717 480 1760 ut
496 1708 606 1761 ibidem
623 1705 748 1759 affirmat
765 1707 817 1758 Vir
834 1724 909 1760 sumr

87 1783 149 1850 pias
165 1781 212 1831 via
230 1794 283 1849 pro
301 1778 388 1846 Appia
404 1794 462 1828 non
479 1793 536 1828 uno
558 1776 624 1828 loco
649 1775 776 1827 occurrit
799 1776 876 1845 apud
901 1777 909 1827 l

87 1848 199 1919 Quidni
215 1847 311 1917 itaque
330 1846 455 1897 Daunias
474 1846 570 1914 regio,
604 1852 635 1894 ut
652 1845 751 1910 Appias
767 1842 836 1896 via?
873 1845 907 1897 Se

87 1919 215 1986 pretium
232 1925 281 1981 est,
300 1922 334 1964 ut
351 1913 416 1965 locu
433 1915 545 1982 integra
562 1912 621 1963 huo
644 1927 743 1963 eoram
769 1910 909 1966 adducant

87 1985 126 2039 tis
143 1982 306 2037 Amatoriae
324 1982 347 2046 I,
367 1996 408 2048 pq.
478 2017 481 2024 .

157 2054 196 2104 Et
211 2050 275 2101 fora
293 2049 453 2098 conveniant
473 2047 542 2115 (quis
558 2046 664 2098 credere
681 2049 778 2115 possit)
798 2051 894 2119 amori,

197 2118 368 2182 Flammaque
385 2115 416 2163 in
433 2128 527 2180 arguta
545 2132 624 2183 saepe
642 2130 746 2183 reperta
765 2118 840 2171 foro.

159 2182 271 2237 Subdita
286 2199 339 2250 qua
361 2184 469 2232 Veneris
477 2184 557 2248 jacto
578 2185 610 2233 da
628 2203 760 2235 marmore
777 2188 886 2255 templa

195 2251 299 2321 Appias
318 2252 447 2318 expressis
465 2258 528 2300 a'e'ra
544 2252 635 2319 pulsas
653 2255 739 2322 aquis.

157 2320 213 2372 Illo
230 2336 309 2386 saepe
328 2318 386 2370 laco
406 2321 512 2386 capitur
531 2321 675 2373 consultus
693 2322 801 2372 Amori:

194 2387 382 2457 Quiquesaliis
400 2391 480 2451 cavit,
499 2407 554 2453 non
572 2403 648 2440 cavet
665 2392 722 2458 ipse
738 2391 799 2440 sibi.

156 2454 237 2508 Hune
259 2457 345 2507 Venus
363 2475 376 2508 a
394 2457 508 2524 templis,
528 2476 596 2526 quae
613 2471 675 2510 sunt
692 2456 824 2524 confinia,
846 2458 909 2511 ridet

193 2524 247 2592 Qui
264 2525 340 2576 mado
358 2534 503 2595 patronus,
523 2545 592 2578 nunc
611 2529 684 2595 eupit
704 2544 759 2578 esse
779 2528 873 2578 cliens.

88 2596 149 2649 an
170 2595 266 2648 Amor.
287 2595 341 2660 1115
360 2607 421 2663 449.
677 2637 680 2647 ,
851 2656 855 2661 .

160 2664 252 2714 Redde
271 2680 366 2727 meum,
386 2665 505 2715 clamant
522 2663 656 2730 spoliatae
672 2680 751 2731 saepe
769 2663 895 2731 puellae,·

195 2731 286 2782 Redde
303 2749 398 2796 meum,
417 2743 472 2781 toto
490 2750 568 2798 saepe
588 2732 683 2784 boante
702 2734 777 2783 foro.

156 2796 226 2866 Has,
250 2802 343 2864 Venus,
365 2819 378 2850 ι
395 2800 502 2868 templis
518 2800 602 2850 multo
621 2801 788 2853 radiantibus
807 2815 875 2852 auro

191 2868 278 2919 Lenta
295 2870 369 2919 vides
386 2870 455 2934 lires,
475 2867 673 2941 Appiadesque
691 2884 762 2922 suae.

87 2932 207 2991 nemen.
228 2940 322 2990 Amor.
342 2938 402 3006 659.

106 3020 109 3027 '
161 3005 219 3067 Tur
237 3024 250 3056 e
268 3008 311 3056 vir
327 3018 352 3056 et
371 3007 476 3071 mulier,
494 3007 579 3057 iuneti
596 3007 682 3073 modo5
701 3007 825 3075 protinas
840 3003 909 3058 hosts

191 3024 258 3125 llidn
274 3075 338 3124 illas
355 3075 416 3125 lites
434 3076 539 3145 Appias
557 3077 616 3144 ipsa
633 3075 737 3143 probat.

87 3142 147 3197 iam
172 3151 268 3196 autem
290 3141 322 3193 in
341 3141 403 3195 loco
426 3144 550 3196 secundo
577 3144 714 3212 Appiadas
736 3142 907 3213 interpretat

15 3228 17 3233 ·
87 3212 216 3277 oriculas,
235 3229 302 3280 quae
321 3224 396 3263 extra
413 3212 503 3262 urbem
520 3215 567 3262 via
588 3214 674 3280 Appia
691 3212 867 3262 habitabant:
897 3214 907 3263 i

87 3280 203 3347 Appias,
232 3288 265 3331 ut
288 3279 436 3348 opinatur,
466 3290 507 3332 est
531 3281 592 3360 ipsa
612 3281 658 3332 via
677 3281 779 3350 Appia,
815 3280 909 3334 Profe«

79 3337 241 3416 ‘occupatus
258 3357 319 3399 erut
336 3347 388 3414 vir,
408 3350 496 3418 siquis
513 3349 595 3417 alius,
615 3358 766 3403 emunctae
782 3349 869 3415 naris,
892 3367 907 3400 c

85 3416 194 3468 effudit.
233 3415 315 3466 Nihil
331 3415 409 3477 enim
427 3417 475 3469 hic
493 3417 529 3479 de
551 3419 600 3468 Via
612 3419 707 3487 Appia,
725 3434 779 3470 neo
799 3418 834 3469 de
852 3435 909 3468 mer

81 3484 114 3540 iu
133 3485 205 3539 urba
221 3483 318 3539 medie
336 3501 381 3539 res
400 3486 510 3557 egitur,
543 3487 674 3558 proxime
697 3485 792 3559 ipsum
815 3487 909 3543 dorus
