2250 3990
96 115 139 179 36
239 110 242 121 '
386 132 418 186 Q,
455 128 613 183 nouauit
648 92 801 194 puscet·
873 110 908 145 “’

48 202 49 206 “
94 223 157 266 tum
173 200 319 266 est'talem
345 211 494 265 hominem
519 213 660 278 auspicem
684 209 802 267 vocari?
837 211 883 273 An
906 211 981 282 quie
1005 214 1018 267 i

44 322 47 328 ,
80 278 187 350 ‘vates'
203 290 231 334 et
256 282 397 350 interpres
423 279 589 350 Apollinis?
626 279 696 349 Quis
720 282 778 332 tale
804 279 839 334 de
866 280 1018 355 Teum-1

94 351 204 404 moriae
228 350 377 421 prodidit?
413 351 457 401 An
481 365 515 401 ex
539 350 737 402 Romanorum
760 365 843 402 more
859 349 1018 421 interprete

95 435 170 487 mur,
192 427 225 471 ut
242 419 306 469 duce
323 432 352 468 'et
365 420 472 485 auspice
492 417 593 468 Teucro
613 416 797 486 perindesit,
819 434 853 470 ec
871 419 956 470 ductu
974 433 1001 472 et

95 489 180 556 spicia
198 487 327 541 Teucri?
347 495 378 538 ut
394 485 548 567 scriptores
566 485 683 554 quidem
700 483 798 538 Latini
816 486 922 556 passim
941 487 1015 557 loqu

96 565 160 623 tur,
186 557 267 607 ductu
284 569 362 624 atque
380 556 508 622 auspiciis
525 555 653 619 Augusti,
676 554 779 605 Tiberii
795 564 849 608 eto.
895 554 955 607 Sed
973 574 1018 609 nes

96 623 172 695 e'pud
192 625 265 693 ipsos
281 625 425 676 Romanos
442 638 615 692 quemquam
632 621 791 689 inveneris,
810 622 860 694 qui
880 639 957 693 quae
975 627 1017 677 Au

96 695 135 744 sti
156 694 285 759 auspiciis
304 700 380 761 gestu
397 700 478 758 sunt,
509 707 541 741 eo
559 693 678 756 Augusto
698 693 805 758 auspice
831 699 910 761 geste
938 709 1001 747 esse

97 760 180 812 xerit.
217 761 321 828 Nemo,
351 761 484 829 inquam,
515 759 556 810 ite
580 757 691 810 locutus
710 768 766 825 est,
798 761 912 828 Auspice
938 762 1017 815 Caesi

98 831 204 896 Auspex
220 831 299 881 enim
316 845 473 896 numquam
491 827 526 879 de
543 828 668 891 Homine
688 836 856 906 usurpatur,
886 827 946 881 uisi
969 830 1006 884 de

99 896 150 967 qui
176 897 294 967 proprie
320 896 464 949 eo'verlso
490 897 664 963 signabatur.
711 895 831 947 Ovidius
859 896 996 967 quiden,

97 981 176 1018 nunc
193 966 235 1018 ibi
252 967 351 1031 fertur,
371 966 441 1015 Fest.
463 964 486 1030 1,
508 964 547 1015 26.
568 960 603 1013 de
621 963 795 1019 Gerounico
815 964 954 1021 Caesare:

167 1034 196 1086 Si
215 1034 277 1084 licet
294 1048 320 1085 ec
328 1033 380 1100 fas
397 1046 444 1097 est,
462 1028 538 1081 u'ates
556 1049 618 1097 rege
635 1035 705 1081 catis
722 1032 859 1096 habenas,·

167 1103 290 1172 Auspice
307 1110 343 1168 te,
355 1101 430 1166 felia
448 1113 519 1151 totus
536 1113 566 1151 ut
585 1118 670 1151 annus
687 1113 739 1151 eat.
839 1118 841 1123 ⁴
964 1112 970 1135 ¹

98 1173 135 1223 At
154 1170 293 1223 editiones
312 1177 449 1235 vetustae,
475 1177 504 1218 et
521 1168 620 1236 scripti
639 1167 769 1238 plerique
788 1167 918 1237 codices,
946 1169 1017 1243 inq

98 1238 152 1290 irus
177 1254 252 1293 unus
275 1247 317 1291 est
339 1236 498 1292 doctissimi
521 1236 609 1289 amici
632 1235 770 1288 Hadriani
794 1236 927 1305 Relandi‚
954 1250 1017 1293 rect

120 1307 205 1368 abent
418 1316 432 1323 ·'

98 1307 117 1373 μ
166 1345 303 1445 Atispicio
314 1373 397 1441 selis,
415 1372 533 1426 totus'ut
553 1391 640 1425 annuis
656 1386 708 1425 eat.

99 1442 138 1495 Ut
154 1444 232 1496 inire
249 1461 275 1495 v.
296 1444 354 1506 168.
432 1469 437 1479 v

172 1512 254 1562 Totus
272 1509 451 1581 ab·auspicio
469 1529 502 1562 ne
512 1509 589 1577 force
608 1525 699 1562 eunus
718 1509 798 1561 iners.

98 1580 280 1648 Ubicumque
297 1589 393 1633 eutem
418 1578 613 1646 μεταφορικῶς
638 1577 793 1656 accipitur,
826 1594 886 1632 nou
908 1578 1017 1635 homini

97 1648 149 1702 sed
164 1650 259 1709 Deum
278 1648 403 1721 aliquem
420 1656 507 1700 notat
544 1649 588 1699 Ita
607 1645 742 1715 Virgilius
759 1649 829 1698 Aen.
847 1647 902 1715 111,
922 1666 966 1704 cc.

167 1719 250 1769 Sacra
267 1717 405 1768 Dionaeae
423 1718 513 1779 enutri,
531 1716 650 1786 divisque
662 1714 788 1782 ferebam

2 1790 7 1799 '
167 1785 324 1854 Auspicibus
340 1798 476 1837 tantorum
492 1785 609 1853 operum.

97 1856 135 1909 Et
151 1855 198 1922 VI,
217 1864 261 1923 45.
311 1900 314 1907 Δ
685 1894 689 1901 ·

13 1938 16 1943 ·
168 1923 231 1973 Diis
248 1923 368 1990 equidem
387 1922 541 1988 auspicibus
558 1939 618 1971 reor
634 1933 660 1971 et
678 1922 780 1971 Iunone
797 1923 922 1974 secunda.

98 1974 199 2043 uun
217 1990 304 2059 upra.
324 1990 347 2052 1,
368 2001 392 2055 3.

101 2097 104 2101 ,
170 2057 313 2108 leclsanos
329 2069 422 2121 aptare
440 2058 532 2108 modos
548 2058 644 2122 studet,
664 2059 771 2125 auspice
787 2058 880 2112 Musa
968 2104 971 2109 .
1003 2084 1007 2092 ·

75 2123 181 2179 'osia
202 2125 274 2175 Pais.
291 2123 316 2189 1,
336 2122 396 2190 615¹.
510 2173 512 2181 ,

165 2192 371 2260 Auspicibusque
388 2193 464 2257 Deis,
485 2194 555 2244 tanti
571 2201 738 2260 cognominis
756 2199 835 2252 heres

200 2257 296 2325 Omine
313 2261 450 2326 suscipiat,
469 2280 519 2329 qua
555 2276 621 2327 ater,
639 2268 711 2318 orbis
728 2287 803 2320 onus,

29 2362 32 2369 -
95 2327 267 2381 Prudentius
285 2338 385 2381 contro
402 2281 602 2398 Synrinacium
620 2334 658 2399 ll,
678 2351 737 2407 707·

164 2397 304 2464 Numquid
321 2410 346 2447 et
363 2398 410 2447 illc
429 2398 487 2448 dies
504 2401 569 2449 Iove
589 2404 700 2455 contulit
718 2407 825 2473 auspice
846 2415 950 2456 tantum

168 2466 281 2515 Virtutis
297 2466 433 2532 pretium?
940 2484 944 2490 ·

94 2535 220 2588 Avienus
238 2533 271 2585 in
290 2535 408 2585 Arateis.

245 2608 252 2619 “
296 2603 402 2668 auspice
421 2615 507 2654 terras
573 2604 678 2674 Linque
698 2609 768 2658 Iove.

94 2670 194 2738 Neque
210 2668 294 2722 aliter
312 2686 461 2740 umquam,
481 2672 537 2725 nisi
555 2673 638 2726 valde
655 2674 754 2741 iellor,
776 2675 929 2742 scriptores
946 2675 1015 2731 Leti

93 2736 227 2789 Lucanus
243 2737 359 2809 quidem
376 2743 486 2791 Brutum
510 2748 592 2794 vocat
611 2745 764 2810 Auspicem,
794 2744 845 2797 ubi
868 2745 984 2817 nuptias
1006 2745 1015 2798 t¹

93 2806 195 2859 scribit
211 2805 327 2861 Catonis
344 2817 373 2859 et
391 2810 525 2862 Murciae.
547 2811 585 2876 ll,
606 2827 664 2880 370,

162 2875 283 2941 Pignora
299 2877 376 2926 nulia
395 2878 496 2939 doinus,
516 2879 586 2928 nulli
605 2888 690 2930 colere
706 2881 850 2947 propinqui
855 2898 868 2942 ,·

77 2942 84 2958 ’
161 2944 316 3010 Iunguntur
333 2946 416 3008 taciti,
436 2948 600 3014 contentique
619 2953 725 3017 auspice
742 2950 836 3000 Bruto.

91 3007 129 3061 Et
146 3008 254 3063 Seneca
271 3011 374 3063 Troad.
397 3014 446 3075 362
474 3013 629 3068 Helenum:

159 3080 318 3196 guicunque
335 3078 431 3146 hymen
442 3081 577 3147 funestus,
594 3084 753 3135 illaetabilis

186 3161 301 3211 amenta,
319 3149 420 3213 caedes,
439 3153 605 3217 sanguinem,
624 3155 739 3220 gemitus
758 3150 848 3220 habet,

159 3216 210 3265 Est
227 3218 333 3283 auspice
354 3215 458 3271 Helena
476 3220 582 3284 dignus.
664 3262 668 3285 ι

89 3283 196 3335 Verum
216 3283 391 3354 ibiproprie
408 3288 550 3356 accipitur
568 3303 602 3337 ee
619 3303 687 3338 vox:
716 3302 782 3340 cum
807 3287 991 3343 notissimum

88 3351 223 3418 Auspices
249 3369 329 3405 ruore
359 3353 491 3405 sollemni
520 3353 628 3423 nuptiis
655 3354 787 3407 edlriberi
817 3358 924 3411 solitos.
977 3356 1012 3408 Se

87 3418 161 3471 olim·
178 3421 330 3472 turbabunt
348 3421 395 3472 hic
414 3422 541 3490 codices,
560 3432 593 3475 ut
611 3431 755 3475 exuetere
773 3424 933 3481 Scholiaste
952 3435 1014 3493 pete

16 3526 19 3547 t
85 3489 200 3554 auspice,
219 3488 329 3561 iuquit,
348 3488 398 3543 hoc
415 3504 469 3559 est,
480 3491 593 3562 fautore
609 3491 653 3544 ael
664 3509 799 3560 sponsare.
834 3494 989 3566 Apollinem
1007 3511 1014 3543 r
