2250 3990
300 287 505 341 oruuimru
536 286 609 331 uis.
642 268 687 333 ll.
912 282 975 345 123

59 386 129 429 ram:
153 368 230 422 uude
249 362 417 437 ambiguum
436 370 544 436 evadit,
579 380 678 423 utrum
695 386 812 427 amatam
829 376 975 450 iutellige-

59 448 137 509 u,ut
155 440 255 497 Noster
273 438 342 489 elini
365 438 451 509 Epist.
471 442 510 507 ll,
532 454 555 493 1.
737 462 740 469 ·
780 438 783 445 '

87 507 190 561 Dileeri
209 506 263 559 ribi
286 508 416 573 Virgilius
438 508 585 576 Variusque
602 512 713 575 po'e'tae:
785 512 788 519 '

74 580 202 641 uteorum,
220 576 353 633 electam:
369 575 410 627 sio
428 577 506 627 enim
524 576 681 644 antiquitus
699 578 784 631 etism
802 582 831 633 in
851 582 902 635 istu
920 584 975 654 sig·

59 634 189 697 Ecstioui'
203 644 382 709 scribebant,
412 644 527 697 dilectur
552 645 668 696 militum
693 662 742 697 erc.
771 652 845 719 quod
871 663 898 703 et
923 656 974 708 ulii

61 720 160 767 urunt.
205 715 330 781 Uterque
347 729 442 779 seusus
459 714 525 765 setis
543 723 585 766 est
602 718 782 777 commodum
813 720 862 771 sed
882 732 974 792 poste.

58 796 86 833 >s
98 782 180 849 msgis
197 782 299 853 placet.
338 780 422 833 ovid.
444 784 538 835 Amos.
559 784 581 846 Ι,
602 796 645 847 42.

94 848 164 921 Elige
182 852 225 901 cui
243 852 327 917 elisas,
350 850 391 900 Tu
409 849 476 901 milri
492 852 551 901 sola
566 851 664 917 places.

58 910 129 971 liniue
143 919 214 973 uio.
236 920 312 984 VIII,
331 932 356 985 5.
377 916 412 968 de
422 918 589 989 Elephantis
605 920 740 990 loquens:
763 922 892 977 Traditur
907 946 976 981 unus

58 998 122 1039 wis
144 988 278 1057 quandam
295 990 325 1037 in
343 987 460 1055 Aegypto
486 988 603 1039 corollas
624 990 800 1053 venditricem
828 1012 859 1044 ac
883 1000 977 1063 nequis
1064 1048 1067 1057 ,

58 1050 166 1121 sipiritu
182 1055 305 1109 electam
323 1068 411 1123 putet,
440 1056 507 1107 mire
533 1071 640 1123 gratam
666 1060 839 1127 Aristophani
863 1064 975 1116 celeber-

58 1132 95 1173 ’τω
107 1126 133 1174 in
148 1137 206 1181 arte
223 1124 417 1175 Grammatico.
443 1124 486 1175 Its
500 1124 541 1176 cl.
555 1126 721 1179 Harduiuus
739 1146 772 1179 ex
791 1132 848 1183 suis
867 1134 978 1186 codici·

58 1176 193 1257 linium
211 1202 279 1245 uem
297 1194 370 1245 ellae
390 1191 551 1255 Editiouss,
571 1194 720 1262 vulgariter
737 1198 882 1249 dilectam:
899 1202 978 1271 quod

58 1256 120 1311 'dem
135 1262 226 1329 redit,
247 1278 340 1329 neque
359 1260 420 1313 loco
438 1262 613 1313 movendum
632 1274 700 1317 erut.
740 1266 893 1320 Caeterum
917 1271 977 1322 lru·

58 1336 85 1379 ··s
97 1326 221 1382 laborant
238 1330 424 1399 Intermere,
447 1340 478 1381 ut
494 1331 606 1381 scelesta
640 1333 696 1382 ieie
714 1346 856 1402 exponunt
874 1340 977 1406 servili,

58 1390 130 1461 isera,
156 1398 274 1465 infelice.
320 1400 380 1452 Imo
405 1415 473 1452 vero
491 1400 605 1450 scelesta
621 1350 685 1469 liic,
716 1413 747 1452 ut
763 1422 877 1473 semper
894 1406 976 1478 olibi,

58 1464 162 1530 elrrata,
182 1466 274 1533 impia.
309 1467 356 1519 Sic
373 1468 451 1519 enim
471 1476 687 1539 argumentatur
707 1476 801 1539 poem:
829 1474 872 1525 Ex
891 1478 978 1527 mori·
1025 1467 1028 1474 ’

57 1546 80 1585 is
92 1544 116 1585 et
131 1534 229 1587 indole
246 1535 332 1587 facilc
350 1537 507 1589 conieceris
525 1544 621 1588 nutam
646 1555 703 1589 esse
727 1540 851 1593 honestis
876 1561 978 1610 poren-

57 1614 109 1659 tus:
127 1604 233 1675 quippe
249 1604 290 1655 sic
307 1604 415 1670 fidelis,
435 1605 476 1656 sic
494 1603 576 1655 lucro
595 1622 692 1657 averso
710 1625 765 1658 non
785 1612 881 1677 potuit
898 1613 978 1666 nasci

81 1671 176 1743 plebe,
203 1690 276 1751 quse
298 1674 415 1729 scelesta
431 1688 544 1743 semper
561 1680 590 1723 et
605 1672 694 1725 infide
712 1686 740 1727 et
762 1676 845 1732 lucro
863 1680 978 1735 addicta

57 1744 76 1794 t.
105 1740 253 1794 Lucienus
270 1742 309 1808 ll,
329 1742 387 1809 623.

91 1812 215 1877 Ingratos
229 1811 333 1860 animos
351 1823 429 1878 atque
446 1805 537 1876 impia
554 1815 670 1877 pectora
689 1808 771 1878 vulgi

92 1878 243 1931 Conterrere
262 1892 334 1928 metu
351 1896 418 1947 quae
435 1878 538 1945 possint
555 1879 664 1926 numine
683 1878 769 1929 divae.
837 1918 851 1951 ,

57 1945 136 1999 alesia
153 1950 250 2016 iteque
267 1964 325 1998 non
352 1945 387 1997 ad
411 1945 608 1997 conditionem
632 1944 727 2013 vulgi,
756 1945 804 1997 sed
828 1946 864 1998 od
887 1965 980 2001 mores

57 2024 141 2070 eant:
171 2025 321 2067 utcontra
344 2016 376 2066 in
396 2012 536 2067 versiculo
554 2023 705 2081 sequente,
737 2014 829 2066 Matre
847 2016 980 2083 pudenda,

57 2103 83 2136 m
98 2086 132 2137 sd
150 2102 243 2136 mores
261 2083 459 2150 referendum,
478 2082 525 2135 sed
544 2081 580 2133 ad
598 2082 811 2149 conditionem
831 2099 917 2135 matre
934 2104 982 2139 art·

57 2153 96 2218 la,
116 2167 200 2204 matre
220 2152 355 2204 libertina.
392 2152 540 2203 Suetonius
559 2150 592 2201 in
611 2150 728 2203 Vitellio
760 2169 821 2205 os
871 2153 979 2221 Contra,

57 2240 109 2272 eres
125 2235 259 2273 auctorem
270 2223 377 2289 generis
394 2220 562 2271 libertinum
578 2220 759 2286 prodr'elerunn
782 2252 810 2261 -
831 2219 980 2289 Caeterum,

57 2308 78 2340 te
95 2290 141 2341 ille
158 2292 252 2357 stirpis
269 2294 402 2359 antiquae,
419 2293 476 2339 sinc
493 2287 633 2359 pudendis
645 2290 799 2356 parentibus
817 2303 895 2357 atque
913 2294 980 2357 avis,
1067 2330 1070 2337 .

56 2376 100 2411 uer
117 2373 186 2411 certe
205 2359 351 2413 Romanus.
391 2359 462 2413 Vide
487 2374 559 2427 quse
581 2373 667 2425 supra
685 2358 813 2413 diximus
831 2359 866 2409 sd
885 2359 979 2414 Curru.

66 2448 106 2491 ,7.
127 2448 152 2480 v.
176 2443 187 2482 1
211 2466 217 2477 ·
302 2440 305 2445 '

56 2438 96 2567 ²33⁴.
117 2441 207 2548 Caini
218 2508 339 2546 octavum
356 2496 501 2563 trepidavit
519 2492 734 2544 aetasClauclerr
752 2494 877 2564 lustrum]
902 2498 983 2549 Clau-

57 2584 83 2616 re
101 2567 216 2616 lustrum
233 2564 308 2615 MSti
327 2582 432 2631 omues,
452 2573 511 2624 tem
529 2560 635 2625 nostri,
655 2579 741 2630 quam
759 2564 893 2618 eliorum.
928 2568 983 2616 Ne-

56 2650 78 2687 ie
94 2651 163 2687 vero
182 2649 216 2683 ex
234 2634 406 2701 possessione
423 2650 473 2683 sue
489 2630 594 2681 delicio
612 2631 765 2682 lectionem
790 2632 880 2700 hunc,
911 2652 983 2704 quae

64 2704 105 2756 sic
123 2700 190 2754 satis
209 2700 321 2769 elegans
339 2712 394 2769 est,
421 2710 451 2752 et
468 2717 528 2753 non
545 2698 653 2767 dispari
669 2700 833 2757 Nemesieni
850 2701 915 2756 loco
935 2703 984 2755 fit-

56 2774 96 2825 ari
116 2778 220 2840 potest,
242 2771 339 2839 Eclog.
360 2773 380 2836 Ι,
403 2788 445 2838 45.

92 2840 200 2891 Felices
217 2841 290 2904 anni,
309 2842 445 2907 nostrique
463 2836 624 2887 nouissimus
643 2837 704 2885 aevi

91 2908 219 2959 Circulus
234 2909 363 2959 innocuae
381 2909 543 2959 clauserunt
560 2916 678 2969 tempora
694 2905 775 2953 vitae.

56 2978 224 3049 ispicionem
240 2986 335 3029 tamen
355 2994 448 3028 meam
466 2971 644 3025 dissimulare
662 2990 721 3024 nou
739 2986 866 3041 possum,
894 2971 984 3041 irrep·

58 3065 88 3099 se
115 3060 221 3114 nempe
238 3044 424 3099 librariorum
446 3060 496 3096 seu
520 3041 635 3094 incuria
650 3041 709 3093 sive
726 3040 845 3094 audacis
862 3040 987 3091 claudere

58 3136 76 3169 o
97 3114 222 3175 eotttlere,
660 3116 664 3121 '

92 3185 181 3234 Cuius
198 3195 320 3233 octavum
337 3182 485 3249 trepidavit
501 3192 577 3231 aetus

130 3249 262 3301 Condere
282 3252 402 3301 histrum.

55 3323 95 3375 ris
117 3321 149 3371 in
168 3318 279 3370 Latinis
297 3319 387 3371 literis
405 3318 476 3371 odeo
499 3318 599 3386 hospes
623 3322 678 3381 est,
709 3322 742 3365 ut
764 3311 987 3383 receptissimum

55 3408 101 3443 nc
130 3387 306 3439 locutionem
332 3388 458 3440 nesciat?
501 3385 651 3438 Suetonius
678 3386 803 3452 Augusto
832 3400 875 3451 97.
923 3383 989 3432 Cum

55 3471 156 3511 strum
175 3457 204 3505 in
224 3459 322 3523 Campo
334 3458 437 3508 Martio
456 3474 555 3522 magna
571 3453 662 3523 populi
672 3452 828 3520 frequentia
846 3450 988 3502 conderet.

61 3530 99 3579 de
120 3524 237 3576 Livium
256 3527 373 3597 passim,
403 3526 586 3590 Ciceronem,
605 3518 750 3573 Valerium
769 3519 943 3588 Maximum,
964 3526 993 3570 el

55 3600 111 3650 ios.
151 3593 270 3645 Condere
288 3595 331 3647 ibi
349 3604 389 3646 est
401 3594 499 3661 finire.
533 3595 571 3644 Ut
588 3592 688 3645 Noster
705 3591 800 3643 Germ.
820 3590 866 3657 lv,
885 3600 911 3652 5.

98 3660 212 3716 Condit
228 3666 340 3734 quisque
356 3662 434 3719 diem
453 3662 567 3715 collibus
583 3663 613 3713 in
629 3660 694 3711 sais.
875 3718 878 3723 ¹
962 3673 981 3725 i,
1011 3640 1040 3714 s
