<?xml version="1.0" encoding="UTF-8"?>
<!DOCTYPE html PUBLIC "-//W3C//DTD XHTML 1.0 Transitional//EN"
    "http://www.w3.org/TR/xhtml1/DTD/xhtml1-transitional.dtd">
<html xmlns="http://www.w3.org/1999/xhtml" xml:lang="en" lang="en">
 <head>
  <title>
</title>
<meta http-equiv="Content-Type" content="text/html;charset=utf-8" />
  <meta name='ocr-system' content='tesseract 3.04.00' />
  <meta name='ocr-capabilities' content='ocr_page ocr_carea ocr_par ocr_line ocrx_word'/>
</head>
<body>
  <div class='ocr_page' id='page_1' title='image "./richardibentlei00bentgoog_0018.png"; bbox 0 0 2250 3990; ppageno 0'>
   <div class='ocr_carea' id='block_1_1' title="bbox 74 194 1037 585">
    <p class='ocr_par' dir='ltr' id='par_1_1' title="bbox 74 194 1037 525">
     <span class='ocr_line' id='line_1_1' title="bbox 275 194 828 374; baseline 0.005 -42"><span class='ocrx_word' id='word_1_1' title='bbox 275 204 539 374; x_wconf 77' lang='lat' dir='ltr'><strong>ascusam</strong></span> <span class='ocrx_word' id='word_1_2' title='bbox 575 194 828 335; x_wconf 82' lang='lat' dir='ltr'><strong>aauraart</strong></span> 
     </span>
     <span class='ocr_line' id='line_1_2' title="bbox 74 426 1037 585; baseline -0.004 -60"><span class='ocrx_word' id='word_1_3' title='bbox 74 435 116 524; x_wconf 89' lang='lat' dir='ltr'>P</span> <span class='ocrx_word' id='word_1_4' title='bbox 188 432 237 585; x_wconf 94' lang='lat' dir='ltr'>R</span> <span class='ocrx_word' id='word_1_5' title='bbox 309 431 357 529; x_wconf 94' lang='lat' dir='ltr'>A</span> <span class='ocrx_word' id='word_1_6' title='bbox 426 430 489 520; x_wconf 89' lang='grc' dir='ltr'><strong>Ε</strong></span> <span class='ocrx_word' id='word_1_7' title='bbox 543 429 612 519; x_wconf 86' lang='lat' dir='ltr'><strong>F</strong></span> <span class='ocrx_word' id='word_1_8' title='bbox 653 428 711 525; x_wconf 98' lang='lat' dir='ltr'>A</span> <span class='ocrx_word' id='word_1_9' title='bbox 776 428 820 520; x_wconf 84' lang='lat' dir='ltr'>T</span> <span class='ocrx_word' id='word_1_10' title='bbox 893 426 921 519; x_wconf 92' lang='grc' dir='ltr'>Ι</span> <span class='ocrx_word' id='word_1_11' title='bbox 991 426 1037 521; x_wconf 91' lang='lat'>0</span> 
     </span>
    </p>
   </div>
   <div class='ocr_carea' id='block_1_2' title="bbox 525 614 572 653">
    <p class='ocr_par' dir='ltr' id='par_1_2' title="bbox 525 614 572 653">
     <span class='ocr_line' id='line_1_3' title="bbox 525 614 572 653; baseline 0 0"><span class='ocrx_word' id='word_1_12' title='bbox 525 614 572 653; x_wconf 74' lang='lat' dir='ltr'><strong>tu</strong></span> 
     </span>
    </p>
   </div>
   <div class='ocr_carea' id='block_1_3' title="bbox 92 666 857 825">
    <p class='ocr_par' dir='ltr' id='par_1_3' title="bbox 92 666 857 825">
     <span class='ocr_line' id='line_1_4' title="bbox 92 666 857 825; baseline -0.003 -40"><span class='ocrx_word' id='word_1_13' title='bbox 92 666 857 825; x_wconf 12' lang='lat' dir='ltr'><strong>&#39;praerosam</strong></span> 
     </span>
    </p>
   </div>
   <div class='ocr_carea' id='block_1_4' title="bbox 424 875 675 895">
    <p class='ocr_par' dir='ltr' id='par_1_4' title="bbox 424 875 675 895">
     <span class='ocr_line' id='line_1_5' title="bbox 424 875 675 895; baseline -0.012 -1"><span class='ocrx_word' id='word_1_14' title='bbox 424 875 675 895; x_wconf 56' lang='grc' dir='ltr'><strong><em>Μ</em></strong></span> 
     </span>
    </p>
   </div>
   <div class='ocr_carea' id='block_1_5' title="bbox 62 971 1094 3624">
    <p class='ocr_par' dir='ltr' id='par_1_5' title="bbox 69 971 1094 1123">
     <span class='ocr_line' id='line_1_6' title="bbox 69 971 1094 1123; baseline 0.003 -25"><span class='ocrx_word' id='word_1_15' title='bbox 69 971 122 1098; x_wconf 85' lang='lat' dir='ltr'>P</span> <span class='ocrx_word' id='word_1_16' title='bbox 124 1058 217 1101; x_wconf 76' lang='lat' dir='ltr'><strong>sacr</strong></span> <span class='ocrx_word' id='word_1_17' title='bbox 236 1053 320 1111; x_wconf 84' lang='lat' dir='ltr'><strong>suat,</strong></span> <span class='ocrx_word' id='word_1_18' title='bbox 344 1038 461 1101; x_wconf 90' lang='lat' dir='ltr'><strong>Lector</strong></span> <span class='ocrx_word' id='word_1_19' title='bbox 481 1039 648 1114; x_wconf 79' lang='lat' dir='ltr'><strong>benevola,</strong></span> <span class='ocrx_word' id='word_1_20' title='bbox 670 1038 711 1103; x_wconf 85' lang='lat' dir='ltr'><strong>de</strong></span> <span class='ocrx_word' id='word_1_21' title='bbox 733 1038 848 1120; x_wconf 88' lang='lat' dir='ltr'><strong>quibus</strong></span> <span class='ocrx_word' id='word_1_22' title='bbox 862 1039 1033 1101; x_wconf 74' lang='lat' dir='ltr'><strong>certiorem</strong></span> <span class='ocrx_word' id='word_1_23' title='bbox 1088 1114 1094 1123; x_wconf 19' lang='grc' dir='ltr'>ἱ</span> 
     </span>
    </p>

    <p class='ocr_par' dir='ltr' id='par_1_6' title="bbox 62 1124 1076 3624">
     <span class='ocr_line' id='line_1_7' title="bbox 120 1124 1033 1207; baseline 0 -20"><span class='ocrx_word' id='word_1_24' title='bbox 120 1139 152 1187; x_wconf 89' lang='lat' dir='ltr'><strong>te</strong></span> <span class='ocrx_word' id='word_1_25' title='bbox 171 1125 244 1187; x_wconf 83' lang='lat' dir='ltr'><strong>fieri</strong></span> <span class='ocrx_word' id='word_1_26' title='bbox 265 1129 372 1197; x_wconf 84' lang='lat' dir='ltr'><strong>selim,</strong></span> <span class='ocrx_word' id='word_1_27' title='bbox 395 1129 577 1207; x_wconf 76' lang='lat' dir='ltr'>priusquam</span> <span class='ocrx_word' id='word_1_28' title='bbox 591 1124 764 1189; x_wconf 74' lang='lat' dir='ltr'><strong>Horatium</strong></span> <span class='ocrx_word' id='word_1_29' title='bbox 786 1144 862 1187; x_wconf 90' lang='lat' dir='ltr'><strong>meo</strong></span> <span class='ocrx_word' id='word_1_30' title='bbox 884 1144 1033 1200; x_wconf 85' lang='lat' dir='ltr'><strong>munere,</strong></span> 
     </span>
     <span class='ocr_line' id='line_1_8' title="bbox 67 1212 1033 1297; baseline 0.004 -24"><span class='ocrx_word' id='word_1_31' title='bbox 67 1214 133 1273; x_wconf 86' lang='lat' dir='ltr'><strong>nisi</strong></span> <span class='ocrx_word' id='word_1_32' title='bbox 155 1212 266 1284; x_wconf 81' lang='lat' dir='ltr'><strong>failor,</strong></span> <span class='ocrx_word' id='word_1_33' title='bbox 288 1216 472 1274; x_wconf 77' lang='lat' dir='ltr'><strong>meliorem</strong></span> <span class='ocrx_word' id='word_1_34' title='bbox 491 1234 580 1297; x_wconf 81' lang='lat' dir='ltr'><strong>punc</strong></span> <span class='ocrx_word' id='word_1_35' title='bbox 605 1212 871 1292; x_wconf 82' lang='lat' dir='ltr'><strong>cultioremque</strong></span> <span class='ocrx_word' id='word_1_36' title='bbox 860 1232 896 1273; x_wconf 91' lang='grc' dir='ltr'><strong>ιιι</strong></span> <span class='ocrx_word' id='word_1_37' title='bbox 919 1232 1033 1277; x_wconf 73' lang='lat' dir='ltr'><strong>mutatu</strong></span> 
     </span>
     <span class='ocr_line' id='line_1_9' title="bbox 68 1298 1032 1398; baseline 0.002 -39"><span class='ocrx_word' id='word_1_38' title='bbox 68 1298 129 1360; x_wconf 90' lang='lat' dir='ltr'><strong>tibi</strong></span> <span class='ocrx_word' id='word_1_39' title='bbox 151 1304 308 1361; x_wconf 75' lang='lat' dir='ltr'><strong>sumserit.</strong></span> <span class='ocrx_word' id='word_1_40' title='bbox 334 1299 451 1360; x_wconf 67' lang='lat' dir='ltr'><strong>*Cum</strong></span> <span class='ocrx_word' id='word_1_41' title='bbox 477 1314 552 1361; x_wconf 89' lang='lat' dir='ltr'><strong>ante</strong></span> <span class='ocrx_word' id='word_1_42' title='bbox 580 1302 701 1380; x_wconf 76' lang='lat' dir='ltr'><strong>aliquot</strong></span> <span class='ocrx_word' id='word_1_43' title='bbox 725 1317 825 1361; x_wconf 80' lang='grc' dir='ltr'>ιιιιιιοι</span> <span class='ocrx_word' id='word_1_44' title='bbox 847 1299 1032 1398; x_wconf 83' lang='lat' dir='ltr'><strong>provinciae</strong></span> 
     </span>
     <span class='ocr_line' id='line_1_10' title="bbox 69 1386 1032 1464; baseline 0.002 -19"><span class='ocrx_word' id='word_1_45' title='bbox 69 1386 200 1445; x_wconf 87' lang='lat' dir='ltr'><strong>cuidam</strong></span> <span class='ocrx_word' id='word_1_46' title='bbox 223 1388 369 1449; x_wconf 84' lang='lat' dir='ltr'><strong>admotus</strong></span> <span class='ocrx_word' id='word_1_47' title='bbox 394 1406 510 1458; x_wconf 85' lang='lat' dir='ltr'><strong>essem;</strong></span> <span class='ocrx_word' id='word_1_48' title='bbox 541 1386 599 1446; x_wconf 90' lang='lat' dir='ltr'><strong>ubi</strong></span> <span class='ocrx_word' id='word_1_49' title='bbox 618 1389 726 1447; x_wconf 85' lang='lat' dir='ltr'><strong>aliena</strong></span> <span class='ocrx_word' id='word_1_50' title='bbox 748 1386 892 1464; x_wconf 80' lang='lat' dir='ltr'><strong>negotia,</strong></span> <span class='ocrx_word' id='word_1_51' title='bbox 922 1403 1032 1447; x_wconf 79' lang='lat' dir='ltr'><strong>curae·</strong></span> 
     </span>
     <span class='ocr_line' id='line_1_11' title="bbox 66 1470 1031 1553; baseline 0.001 -23"><span class='ocrx_word' id='word_1_52' title='bbox 66 1490 130 1551; x_wconf 91' lang='lat' dir='ltr'><strong>que</strong></span> <span class='ocrx_word' id='word_1_53' title='bbox 152 1473 395 1536; x_wconf 72' lang='lat' dir='ltr'><strong>molestissimae</strong></span> <span class='ocrx_word' id='word_1_54' title='bbox 416 1492 474 1553; x_wconf 90' lang='lat' dir='ltr'><strong>per</strong></span> <span class='ocrx_word' id='word_1_55' title='bbox 494 1485 593 1553; x_wconf 89' lang='lat' dir='ltr'><strong>caput</strong></span> <span class='ocrx_word' id='word_1_56' title='bbox 614 1472 758 1553; x_wconf 78' lang='lat' dir='ltr'><strong>quotidie</strong></span> <span class='ocrx_word' id='word_1_57' title='bbox 782 1470 949 1542; x_wconf 83' lang='lat' dir='ltr'><strong>salientes,</strong></span> <span class='ocrx_word' id='word_1_58' title='bbox 984 1490 1031 1531; x_wconf 86' lang='lat' dir='ltr'><strong>te.-</strong></span> 
     </span>
     <span class='ocr_line' id='line_1_12' title="bbox 66 1557 1031 1649; baseline 0 -32"><span class='ocrx_word' id='word_1_59' title='bbox 66 1560 188 1617; x_wconf 85' lang='lat' dir='ltr'><strong>veriora</strong></span> <span class='ocrx_word' id='word_1_60' title='bbox 212 1560 320 1619; x_wconf 87' lang='lat' dir='ltr'><strong>omnia</strong></span> <span class='ocrx_word' id='word_1_61' title='bbox 343 1558 445 1619; x_wconf 79' lang='lat' dir='ltr'><strong>studia</strong></span> <span class='ocrx_word' id='word_1_62' title='bbox 469 1558 681 1625; x_wconf 72' lang='lat' dir='ltr'><strong>(lemuribus</strong></span> <span class='ocrx_word' id='word_1_63' title='bbox 705 1557 791 1623; x_wconf 87' lang='lat' dir='ltr'><strong>mihi</strong></span> <span class='ocrx_word' id='word_1_64' title='bbox 812 1568 1031 1649; x_wconf 66' lang='lat' dir='ltr'><strong>excurrerant}</strong></span> 
     </span>
     <span class='ocr_line' id='line_1_13' title="bbox 67 1642 1033 1724; baseline 0.001 -22"><span class='ocrx_word' id='word_1_65' title='bbox 67 1646 219 1705; x_wconf 87' lang='lat' dir='ltr'><strong>constitui</strong></span> <span class='ocrx_word' id='word_1_66' title='bbox 241 1664 389 1714; x_wconf 87' lang='lat' dir='ltr'><strong>mecum,</strong></span> <span class='ocrx_word' id='word_1_67' title='bbox 417 1662 460 1703; x_wconf 90' lang='lat' dir='ltr'><strong>ne</strong></span> <span class='ocrx_word' id='word_1_68' title='bbox 482 1642 649 1703; x_wconf 84' lang='lat' dir='ltr'><strong>Musarum</strong></span> <span class='ocrx_word' id='word_1_69' title='bbox 670 1662 725 1707; x_wconf 78' lang='lat' dir='ltr'><strong>me</strong></span> <span class='ocrx_word' id='word_1_70' title='bbox 747 1661 959 1724; x_wconf 83' lang='lat' dir='ltr'><strong>amorumque</strong></span> <span class='ocrx_word' id='word_1_71' title='bbox 981 1662 1033 1707; x_wconf 83' lang='lat' dir='ltr'><strong>ve-</strong></span> 
     </span>
     <span class='ocr_line' id='line_1_14' title="bbox 67 1730 1032 1809; baseline 0 -20"><span class='ocrx_word' id='word_1_72' title='bbox 67 1739 174 1790; x_wconf 86' lang='lat' dir='ltr'><strong>terum</strong></span> <span class='ocrx_word' id='word_1_73' title='bbox 196 1730 316 1791; x_wconf 87' lang='lat' dir='ltr'><strong>oblivio</strong></span> <span class='ocrx_word' id='word_1_74' title='bbox 342 1748 480 1809; x_wconf 84' lang='lat' dir='ltr'><strong>prorsus</strong></span> <span class='ocrx_word' id='word_1_75' title='bbox 487 1741 630 1808; x_wconf 86' lang='lat' dir='ltr'><strong>caperet,</strong></span> <span class='ocrx_word' id='word_1_76' title='bbox 665 1730 885 1798; x_wconf 66' lang='lat' dir='ltr'><strong>amoeniorem</strong></span> <span class='ocrx_word' id='word_1_77' title='bbox 919 1747 1032 1808; x_wconf 85' lang='lat' dir='ltr'><strong>quem</strong></span> 
     </span>
     <span class='ocr_line' id='line_1_15' title="bbox 67 1810 1032 1897; baseline 0.004 -24"><span class='ocrx_word' id='word_1_78' title='bbox 67 1817 156 1896; x_wconf 88' lang='lat' dir='ltr'><strong>piam</strong></span> <span class='ocrx_word' id='word_1_79' title='bbox 185 1814 380 1897; x_wconf 78' lang='lat' dir='ltr'><strong>scriptorem</strong></span> <span class='ocrx_word' id='word_1_80' title='bbox 409 1815 572 1883; x_wconf 84' lang='lat' dir='ltr'><strong>edendum</strong></span> <span class='ocrx_word' id='word_1_81' title='bbox 602 1813 688 1873; x_wconf 91' lang='lat' dir='ltr'><strong>mihi</strong></span> <span class='ocrx_word' id='word_1_82' title='bbox 718 1833 861 1895; x_wconf 85' lang='lat' dir='ltr'><strong>sumere,</strong></span> <span class='ocrx_word' id='word_1_83' title='bbox 905 1810 1032 1877; x_wconf 71' lang='lat' dir='ltr'><strong>terion·</strong></span> 
     </span>
     <span class='ocr_line' id='line_1_16' title="bbox 67 1899 1033 1981; baseline 0.002 -21"><span class='ocrx_word' id='word_1_84' title='bbox 67 1920 184 1981; x_wconf 81' lang='lat' dir='ltr'><strong>operae</strong></span> <span class='ocrx_word' id='word_1_85' title='bbox 213 1903 449 1981; x_wconf 80' lang='lat' dir='ltr'><strong>materiaeque,</strong></span> <span class='ocrx_word' id='word_1_86' title='bbox 484 1916 566 1981; x_wconf 85' lang='lat' dir='ltr'><strong>quae</strong></span> <span class='ocrx_word' id='word_1_87' title='bbox 591 1901 740 1971; x_wconf 83' lang='lat' dir='ltr'><strong>animum</strong></span> <span class='ocrx_word' id='word_1_88' title='bbox 765 1899 976 1980; x_wconf 83' lang='lat' dir='ltr'><strong>tranquillum</strong></span> <span class='ocrx_word' id='word_1_89' title='bbox 998 1913 1033 1963; x_wconf 84' lang='lat' dir='ltr'><strong>et</strong></span> 
     </span>
     <span class='ocr_line' id='line_1_17' title="bbox 67 1984 1030 2066; baseline 0.004 -21"><span class='ocrx_word' id='word_1_90' title='bbox 67 1986 268 2049; x_wconf 69' lang='lat' dir='ltr'><strong>defaecatum</strong></span> <span class='ocrx_word' id='word_1_91' title='bbox 301 2007 367 2048; x_wconf 89' lang='lat' dir='ltr'><strong>uon</strong></span> <span class='ocrx_word' id='word_1_92' title='bbox 401 1999 468 2047; x_wconf 89' lang='lat' dir='ltr'><strong>tam</strong></span> <span class='ocrx_word' id='word_1_93' title='bbox 493 1986 692 2066; x_wconf 87' lang='lat' dir='ltr'><strong>requireret,</strong></span> <span class='ocrx_word' id='word_1_94' title='bbox 727 2005 834 2066; x_wconf 72' lang='lat' dir='ltr'><strong>,quam</strong></span> <span class='ocrx_word' id='word_1_95' title='bbox 870 1984 1030 2051; x_wconf 81' lang='lat' dir='ltr'><strong>efficeret:</strong></span> 
     </span>
     <span class='ocr_line' id='line_1_18' title="bbox 68 2072 1032 2154; baseline 0 -25"><span class='ocrx_word' id='word_1_96' title='bbox 68 2091 211 2154; x_wconf 86' lang='lat' dir='ltr'><strong>quaeque</strong></span> <span class='ocrx_word' id='word_1_97' title='bbox 233 2075 318 2135; x_wconf 89' lang='lat' dir='ltr'><strong>horis</strong></span> <span class='ocrx_word' id='word_1_98' title='bbox 337 2073 496 2134; x_wconf 74' lang='lat' dir='ltr'><strong>subcisivis</strong></span> <span class='ocrx_word' id='word_1_99' title='bbox 517 2072 654 2144; x_wconf 85' lang='lat' dir='ltr'><strong>adulari,</strong></span> <span class='ocrx_word' id='word_1_100' title='bbox 677 2084 710 2133; x_wconf 89' lang='lat' dir='ltr'><strong>et</strong></span> <span class='ocrx_word' id='word_1_101' title='bbox 730 2073 823 2133; x_wconf 85' lang='lat' dir='ltr'><strong>mille</strong></span> <span class='ocrx_word' id='word_1_102' title='bbox 845 2073 1032 2154; x_wconf 63' lang='lat' dir='ltr'><strong>interpella»</strong></span> 
     </span>
     <span class='ocr_line' id='line_1_19' title="bbox 67 2159 1030 2239; baseline 0 -21"><span class='ocrx_word' id='word_1_103' title='bbox 67 2159 171 2219; x_wconf 82' lang='lat' dir='ltr'><strong>tiones</strong></span> <span class='ocrx_word' id='word_1_104' title='bbox 193 2162 261 2220; x_wconf 88' lang='lat' dir='ltr'><strong>siue</strong></span> <span class='ocrx_word' id='word_1_105' title='bbox 282 2163 367 2239; x_wconf 77' lang='lat' dir='ltr'><strong>gravi</strong></span> <span class='ocrx_word' id='word_1_106' title='bbox 387 2161 505 2219; x_wconf 87' lang='lat' dir='ltr'><strong>damno</strong></span> <span class='ocrx_word' id='word_1_107' title='bbox 526 2161 592 2239; x_wconf 87' lang='lat' dir='ltr'><strong>pati</strong></span> <span class='ocrx_word' id='word_1_108' title='bbox 610 2171 720 2238; x_wconf 87' lang='lat' dir='ltr'><strong>posset.</strong></span> <span class='ocrx_word' id='word_1_109' title='bbox 766 2160 849 2220; x_wconf 87' lang='lat' dir='ltr'><strong>Ante</strong></span> <span class='ocrx_word' id='word_1_110' title='bbox 870 2159 951 2220; x_wconf 91' lang='lat' dir='ltr'><strong>alios</strong></span> <span class='ocrx_word' id='word_1_111' title='bbox 974 2174 1030 2219; x_wconf 87' lang='lat' dir='ltr'><strong>eu·</strong></span> 
     </span>
     <span class='ocr_line' id='line_1_20' title="bbox 67 2245 1030 2326; baseline 0.003 -22"><span class='ocrx_word' id='word_1_112' title='bbox 67 2255 135 2304; x_wconf 89' lang='lat' dir='ltr'><strong>tem</strong></span> <span class='ocrx_word' id='word_1_113' title='bbox 150 2246 270 2325; x_wconf 85' lang='lat' dir='ltr'><strong>placuit</strong></span> <span class='ocrx_word' id='word_1_114' title='bbox 282 2247 483 2315; x_wconf 69' lang='lat' dir='ltr'><strong>Housmam</strong></span> <span class='ocrx_word' id='word_1_115' title='bbox 507 2266 572 2305; x_wconf 91' lang='lat' dir='ltr'><strong>non</strong></span> <span class='ocrx_word' id='word_1_116' title='bbox 589 2246 672 2323; x_wconf 90' lang='lat' dir='ltr'><strong>quod</strong></span> <span class='ocrx_word' id='word_1_117' title='bbox 696 2247 731 2305; x_wconf 86' lang='lat' dir='ltr'><strong>in</strong></span> <span class='ocrx_word' id='word_1_118' title='bbox 753 2264 792 2305; x_wconf 90' lang='lat' dir='ltr'><strong>eo</strong></span> <span class='ocrx_word' id='word_1_119' title='bbox 806 2245 908 2326; x_wconf 88' lang='lat' dir='ltr'><strong>plura,</strong></span> <span class='ocrx_word' id='word_1_120' title='bbox 933 2246 1030 2325; x_wconf 78' lang='lat' dir='ltr'><strong>quam</strong></span> 
     </span>
     <span class='ocr_line' id='line_1_21' title="bbox 64 2330 1030 2412; baseline -0.001 -21"><span class='ocrx_word' id='word_1_121' title='bbox 64 2332 101 2391; x_wconf 89' lang='lat' dir='ltr'><strong>in</strong></span> <span class='ocrx_word' id='word_1_122' title='bbox 123 2333 189 2391; x_wconf 89' lang='lat' dir='ltr'><strong>alio</strong></span> <span class='ocrx_word' id='word_1_123' title='bbox 217 2332 285 2393; x_wconf 81' lang='lat' dir='ltr'><strong>fere</strong></span> <span class='ocrx_word' id='word_1_124' title='bbox 311 2336 417 2412; x_wconf 85' lang='lat' dir='ltr'><strong>quovis</strong></span> <span class='ocrx_word' id='word_1_125' title='bbox 445 2351 500 2391; x_wconf 87' lang='lat' dir='ltr'><strong>seu</strong></span> <span class='ocrx_word' id='word_1_126' title='bbox 527 2330 643 2392; x_wconf 86' lang='lat' dir='ltr'><strong>Latino</strong></span> <span class='ocrx_word' id='word_1_127' title='bbox 671 2330 904 2403; x_wconf 87' lang='lat' dir='ltr'><strong>sive.Graeco,</strong></span> <span class='ocrx_word' id='word_1_128' title='bbox 939 2333 1030 2392; x_wconf 69' lang='lat' dir='ltr'><strong>restis</strong></span> 
     </span>
     <span class='ocr_line' id='line_1_22' title="bbox 65 2416 1030 2498; baseline 0.001 -21"><span class='ocrx_word' id='word_1_129' title='bbox 65 2429 158 2477; x_wconf 89' lang='lat' dir='ltr'><strong>tuere</strong></span> <span class='ocrx_word' id='word_1_130' title='bbox 182 2437 236 2480; x_wconf 89' lang='lat' dir='ltr'><strong>me</strong></span> <span class='ocrx_word' id='word_1_131' title='bbox 257 2431 289 2479; x_wconf 92' lang='lat' dir='ltr'><strong>et</strong></span> <span class='ocrx_word' id='word_1_132' title='bbox 311 2419 483 2478; x_wconf 87' lang='lat' dir='ltr'><strong>emendare</strong></span> <span class='ocrx_word' id='word_1_133' title='bbox 506 2437 593 2498; x_wconf 88' lang='lat' dir='ltr'><strong>posse</strong></span> <span class='ocrx_word' id='word_1_134' title='bbox 616 2417 830 2489; x_wconf 74' lang='lat' dir='ltr'><strong>confiderems</strong></span> <span class='ocrx_word' id='word_1_135' title='bbox 866 2417 930 2478; x_wconf 84' lang='lat' dir='ltr'><strong>setl·</strong></span> <span class='ocrx_word' id='word_1_136' title='bbox 944 2416 1030 2497; x_wconf 76' lang='lat' dir='ltr'><strong>quod</strong></span> 
     </span>
     <span class='ocr_line' id='line_1_23' title="bbox 62 2505 1031 2584; baseline 0.003 -22"><span class='ocrx_word' id='word_1_137' title='bbox 62 2505 89 2563; x_wconf 83' lang='lat' dir='ltr'><strong>is</strong></span> <span class='ocrx_word' id='word_1_138' title='bbox 112 2506 264 2563; x_wconf 89' lang='lat' dir='ltr'><strong>omnium</strong></span> <span class='ocrx_word' id='word_1_139' title='bbox 287 2517 431 2565; x_wconf 87' lang='lat' dir='ltr'><strong>veterum</strong></span> <span class='ocrx_word' id='word_1_140' title='bbox 454 2506 597 2564; x_wconf 81' lang='lat' dir='ltr'><strong>maxime</strong></span> <span class='ocrx_word' id='word_1_141' title='bbox 620 2505 668 2564; x_wconf 78' lang='lat' dir='ltr'><strong>rel</strong></span> <span class='ocrx_word' id='word_1_142' title='bbox 690 2506 806 2564; x_wconf 88' lang='lat' dir='ltr'><strong>merito</strong></span> <span class='ocrx_word' id='word_1_143' title='bbox 828 2524 884 2565; x_wconf 80' lang='lat' dir='ltr'><strong>suo</strong></span> <span class='ocrx_word' id='word_1_144' title='bbox 905 2505 955 2565; x_wconf 83' lang='lat' dir='ltr'><strong>vei</strong></span> <span class='ocrx_word' id='word_1_145' title='bbox 976 2523 1031 2584; x_wconf 84' lang='lat' dir='ltr'><strong>ge·</strong></span> 
     </span>
     <span class='ocr_line' id='line_1_24' title="bbox 64 2580 1030 2671; baseline 0.001 -22"><span class='ocrx_word' id='word_1_146' title='bbox 64 2580 120 2649; x_wconf 71' lang='lat' dir='ltr'><strong>n&#39;io</strong></span> <span class='ocrx_word' id='word_1_147' title='bbox 143 2592 282 2669; x_wconf 87' lang='lat' dir='ltr'><strong>quodam</strong></span> <span class='ocrx_word' id='word_1_148' title='bbox 304 2602 337 2650; x_wconf 83' lang='lat' dir='ltr'><strong>et</strong></span> <span class='ocrx_word' id='word_1_149' title='bbox 356 2591 503 2671; x_wconf 86' lang='lat' dir='ltr'><strong>placendi</strong></span> <span class='ocrx_word' id='word_1_150' title='bbox 523 2602 607 2650; x_wconf 89' lang='lat' dir='ltr'><strong>sorte</strong></span> <span class='ocrx_word' id='word_1_151' title='bbox 628 2593 663 2653; x_wconf 88' lang='lat' dir='ltr'><strong>itt</strong></span> <span class='ocrx_word' id='word_1_152' title='bbox 685 2592 835 2651; x_wconf 82' lang='lat' dir='ltr'><strong>matribus</strong></span> <span class='ocrx_word' id='word_1_153' title='bbox 854 2589 1030 2651; x_wconf 83' lang='lat' dir='ltr'><strong>hominum</strong></span> 
     </span>
     <span class='ocr_line' id='line_1_25' title="bbox 64 2675 1031 2756; baseline 0.004 -23"><span class='ocrx_word' id='word_1_154' title='bbox 64 2677 311 2756; x_wconf 79' lang='lat' dir='ltr'><strong>pectoribusque</strong></span> <span class='ocrx_word' id='word_1_155' title='bbox 333 2675 488 2736; x_wconf 85' lang='lat' dir='ltr'><strong>haereret.</strong></span> <span class='ocrx_word' id='word_1_156' title='bbox 526 2677 677 2736; x_wconf 81' lang='lat' dir='ltr'><strong>Formam</strong></span> <span class='ocrx_word' id='word_1_157' title='bbox 702 2696 772 2735; x_wconf 81' lang='lat' dir='ltr'><strong>vero</strong></span> <span class='ocrx_word' id='word_1_158' title='bbox 794 2687 826 2735; x_wconf 80' lang='lat' dir='ltr'><strong>et</strong></span> <span class='ocrx_word' id='word_1_159' title='bbox 847 2677 1031 2737; x_wconf 86' lang='lat' dir='ltr'><strong>institutum</strong></span> 
     </span>
     <span class='ocr_line' id='line_1_26' title="bbox 65 2761 1031 2842; baseline 0.002 -22"><span class='ocrx_word' id='word_1_160' title='bbox 65 2763 171 2842; x_wconf 86' lang='lat' dir='ltr'><strong>operis</strong></span> <span class='ocrx_word' id='word_1_161' title='bbox 208 2764 252 2821; x_wconf 86' lang='lat' dir='ltr'><strong>sio</strong></span> <span class='ocrx_word' id='word_1_162' title='bbox 285 2762 368 2823; x_wconf 89' lang='lat' dir='ltr'><strong>mihi</strong></span> <span class='ocrx_word' id='word_1_163' title='bbox 403 2762 533 2825; x_wconf 84' lang='lat' dir='ltr'><strong>definivi</strong></span> <span class='ocrx_word' id='word_1_164' title='bbox 567 2765 774 2840; x_wconf 82' lang='lat' dir='ltr'><strong>terminisque</strong></span> <span class='ocrx_word' id='word_1_165' title='bbox 812 2761 862 2821; x_wconf 88' lang='lat' dir='ltr'><strong>his</strong></span> <span class='ocrx_word' id='word_1_166' title='bbox 893 2763 1031 2822; x_wconf 88' lang='lat' dir='ltr'><strong>circum-</strong></span> 
     </span>
     <span class='ocr_line' id='line_1_27' title="bbox 65 2849 1030 2927; baseline 0.001 -21"><span class='ocrx_word' id='word_1_167' title='bbox 65 2849 193 2927; x_wconf 71' lang='lat' dir='ltr'><strong>scripsit</strong></span> <span class='ocrx_word' id='word_1_168' title='bbox 227 2860 264 2908; x_wconf 91' lang='lat' dir='ltr'><strong>ut</strong></span> <span class='ocrx_word' id='word_1_169' title='bbox 291 2867 328 2908; x_wconf 89' lang='lat' dir='ltr'><strong>ea</strong></span> <span class='ocrx_word' id='word_1_170' title='bbox 356 2849 421 2909; x_wconf 88' lang='lat' dir='ltr'><strong>sola</strong></span> <span class='ocrx_word' id='word_1_171' title='bbox 450 2852 657 2927; x_wconf 84' lang='lat' dir='ltr'><strong>attingerem,</strong></span> <span class='ocrx_word' id='word_1_172' title='bbox 693 2860 773 2927; x_wconf 89' lang='lat' dir='ltr'><strong>quae</strong></span> <span class='ocrx_word' id='word_1_173' title='bbox 799 2849 837 2908; x_wconf 87' lang='lat' dir='ltr'><strong>ad</strong></span> <span class='ocrx_word' id='word_1_174' title='bbox 859 2849 1030 2908; x_wconf 86' lang='lat' dir='ltr'><strong>sanitatem</strong></span> 
     </span>
     <span class='ocr_line' id='line_1_28' title="bbox 65 2934 1030 3016; baseline -0.003 -22"><span class='ocrx_word' id='word_1_175' title='bbox 65 2935 348 3016; x_wconf 83' lang='lat' dir='ltr'><strong>sinceritatemque</strong></span> <span class='ocrx_word' id='word_1_176' title='bbox 382 2935 544 2996; x_wconf 85' lang='lat' dir='ltr'><strong>Lectionis</strong></span> <span class='ocrx_word' id='word_1_177' title='bbox 577 2936 793 3016; x_wconf 89' lang='lat' dir='ltr'><strong>pertinerent,</strong></span> <span class='ocrx_word' id='word_1_178' title='bbox 833 2947 937 2994; x_wconf 85' lang='lat' dir='ltr'><strong>cetera</strong></span> <span class='ocrx_word' id='word_1_179' title='bbox 972 2934 1030 2999; x_wconf 77' lang='lat' dir='ltr'><strong>ille</strong></span> 
     </span>
     <span class='ocr_line' id='line_1_29' title="bbox 67 3021 1031 3101; baseline 0.002 -23"><span class='ocrx_word' id='word_1_180' title='bbox 67 3021 241 3101; x_wconf 88' lang='lat' dir='ltr'><strong>pluraque,</strong></span> <span class='ocrx_word' id='word_1_181' title='bbox 276 3041 371 3100; x_wconf 84' lang='lat' dir='ltr'><strong>quae</strong></span> <span class='ocrx_word' id='word_1_182' title='bbox 390 3024 429 3082; x_wconf 85' lang='lat' dir='ltr'><strong>ad</strong></span> <span class='ocrx_word' id='word_1_183' title='bbox 467 3021 638 3081; x_wconf 86' lang='lat' dir='ltr'><strong>Historiam</strong></span> <span class='ocrx_word' id='word_1_184' title='bbox 673 3033 707 3081; x_wconf 88' lang='lat' dir='ltr'><strong>et</strong></span> <span class='ocrx_word' id='word_1_185' title='bbox 740 3021 850 3079; x_wconf 85' lang='lat' dir='ltr'><strong>Mores</strong></span> <span class='ocrx_word' id='word_1_186' title='bbox 883 3022 1031 3099; x_wconf 79' lang='lat' dir='ltr'><strong>antiquos</strong></span> 
     </span>
     <span class='ocr_line' id='line_1_30' title="bbox 65 3107 1030 3187; baseline 0 -21"><span class='ocrx_word' id='word_1_187' title='bbox 65 3109 223 3187; x_wconf 83' lang='lat' dir='ltr'><strong>grandem</strong></span> <span class='ocrx_word' id='word_1_188' title='bbox 252 3107 345 3167; x_wconf 89' lang='lat' dir='ltr'><strong>illam</strong></span> <span class='ocrx_word' id='word_1_189' title='bbox 372 3107 688 3169; x_wconf 88' lang='lat' dir='ltr'><strong>Commentariorum</strong></span> <span class='ocrx_word' id='word_1_190' title='bbox 715 3108 827 3167; x_wconf 89' lang='lat' dir='ltr'><strong>silvam</strong></span> <span class='ocrx_word' id='word_1_191' title='bbox 855 3118 887 3167; x_wconf 90' lang='lat' dir='ltr'><strong>et</strong></span> <span class='ocrx_word' id='word_1_192' title='bbox 913 3108 1030 3166; x_wconf 85' lang='lat' dir='ltr'><strong>instru-</strong></span> 
     </span>
     <span class='ocr_line' id='line_1_31' title="bbox 66 3191 1031 3275; baseline 0 -22"><span class='ocrx_word' id='word_1_193' title='bbox 66 3207 219 3253; x_wconf 89' lang='lat' dir='ltr'><strong>mentum</strong></span> <span class='ocrx_word' id='word_1_194' title='bbox 241 3204 435 3274; x_wconf 86' lang='lat' dir='ltr'><strong>spectarent,</strong></span> <span class='ocrx_word' id='word_1_195' title='bbox 469 3215 593 3275; x_wconf 87' lang='lat' dir='ltr'><strong>prorsus</strong></span> <span class='ocrx_word' id='word_1_196' title='bbox 618 3195 834 3274; x_wconf 85' lang='lat' dir='ltr'><strong>praeterirem.</strong></span> <span class='ocrx_word' id='word_1_197' title='bbox 888 3191 949 3252; x_wconf 90' lang='lat' dir='ltr'><strong>Per</strong></span> <span class='ocrx_word' id='word_1_198' title='bbox 975 3209 1031 3253; x_wconf 85' lang='lat' dir='ltr'><strong>me</strong></span> 
     </span>
     <span class='ocr_line' id='line_1_32' title="bbox 70 3279 1028 3362; baseline 0 -25"><span class='ocrx_word' id='word_1_199' title='bbox 70 3280 202 3359; x_wconf 90' lang='lat' dir='ltr'><strong>quidem</strong></span> <span class='ocrx_word' id='word_1_200' title='bbox 219 3281 351 3340; x_wconf 81' lang='lat' dir='ltr'><strong>eruditis</strong></span> <span class='ocrx_word' id='word_1_201' title='bbox 374 3282 455 3349; x_wconf 85' lang='lat' dir='ltr'><strong>viris,</strong></span> <span class='ocrx_word' id='word_1_202' title='bbox 478 3284 588 3362; x_wconf 88' lang='lat' dir='ltr'><strong>quiin</strong></span> <span class='ocrx_word' id='word_1_203' title='bbox 610 3282 667 3341; x_wconf 91' lang='lat' dir='ltr'><strong>illo</strong></span> <span class='ocrx_word' id='word_1_204' title='bbox 685 3280 785 3340; x_wconf 85' lang='lat' dir='ltr'><strong>stadio</strong></span> <span class='ocrx_word' id='word_1_205' title='bbox 807 3279 1028 3349; x_wconf 86' lang='lat' dir='ltr'><strong>decurrerunt,</strong></span> 
     </span>
     <span class='ocr_line' id='line_1_33' title="bbox 72 3365 1043 3445; baseline 0 -22"><span class='ocrx_word' id='word_1_206' title='bbox 72 3385 146 3424; x_wconf 89' lang='lat' dir='ltr'><strong>suus</strong></span> <span class='ocrx_word' id='word_1_207' title='bbox 170 3366 276 3429; x_wconf 83' lang='lat' dir='ltr'><strong>&#39;honos</strong></span> <span class='ocrx_word' id='word_1_208' title='bbox 304 3367 404 3428; x_wconf 85' lang='lat' dir='ltr'><strong>saivus</strong></span> <span class='ocrx_word' id='word_1_209' title='bbox 434 3379 515 3427; x_wconf 86' lang='lat' dir='ltr'><strong>esto:</strong></span> <span class='ocrx_word' id='word_1_210' title='bbox 552 3369 756 3429; x_wconf 85' lang='lat' dir='ltr'><strong>utilissimam</strong></span> <span class='ocrx_word' id='word_1_211' title='bbox 787 3384 863 3425; x_wconf 87' lang='lat' dir='ltr'><strong>sane</strong></span> <span class='ocrx_word' id='word_1_212' title='bbox 898 3365 1043 3445; x_wconf 81' lang='lat' dir='ltr'><strong>operam&#39;</strong></span> 
     </span>
     <span class='ocr_line' id='line_1_34' title="bbox 72 3451 1031 3533; baseline -0.003 -22"><span class='ocrx_word' id='word_1_213' title='bbox 72 3465 241 3521; x_wconf 69' lang='lat' dir='ltr'><strong>naveruntt</strong></span> <span class='ocrx_word' id='word_1_214' title='bbox 279 3472 376 3532; x_wconf 87' lang='lat' dir='ltr'><strong>quae,</strong></span> <span class='ocrx_word' id='word_1_215' title='bbox 412 3455 474 3514; x_wconf 90' lang='lat' dir='ltr'><strong>nisi</strong></span> <span class='ocrx_word' id='word_1_216' title='bbox 499 3455 540 3515; x_wconf 90' lang='lat' dir='ltr'><strong>ab</strong></span> <span class='ocrx_word' id='word_1_217' title='bbox 566 3455 633 3515; x_wconf 88' lang='lat' dir='ltr'><strong>iliis</strong></span> <span class='ocrx_word' id='word_1_218' title='bbox 654 3465 806 3533; x_wconf 89' lang='lat' dir='ltr'><strong>occupata</strong></span> <span class='ocrx_word' id='word_1_219' title='bbox 828 3451 927 3523; x_wconf 79' lang='lat' dir='ltr'><strong>ieret,</strong></span> <span class='ocrx_word' id='word_1_220' title='bbox 961 3451 1031 3510; x_wconf 90' lang='lat' dir='ltr'><strong>iam</strong></span> 
     </span>
     <span class='ocr_line' id='line_1_35' title="bbox 72 3536 1031 3624; baseline -0.003 -25"><span class='ocrx_word' id='word_1_221' title='bbox 72 3556 158 3603; x_wconf 88' lang='lat' dir='ltr'><strong>nunc</strong></span> <span class='ocrx_word' id='word_1_222' title='bbox 178 3543 356 3603; x_wconf 81' lang='lat' dir='ltr'><strong>necessario</strong></span> <span class='ocrx_word' id='word_1_223' title='bbox 377 3542 596 3624; x_wconf 86' lang='lat' dir='ltr'><strong>impendenda</strong></span> <span class='ocrx_word' id='word_1_224' title='bbox 620 3553 700 3604; x_wconf 84' lang='lat' dir='ltr'><strong>esset</strong></span> <span class='ocrx_word' id='word_1_225' title='bbox 721 3540 762 3601; x_wconf 84' lang='lat' dir='ltr'><strong>de</strong></span> <span class='ocrx_word' id='word_1_226' title='bbox 785 3541 928 3620; x_wconf 83' lang='lat' dir='ltr'><strong>integro,</strong></span> <span class='ocrx_word' id='word_1_227' title='bbox 960 3536 1031 3597; x_wconf 84' lang='lat' dir='ltr'><strong>siue</strong></span> 
     </span>
    </p>
   </div>
   <div class='ocr_carea' id='block_1_6' title="bbox 0 0 1131 3990">
    <p class='ocr_par' dir='ltr' id='par_1_7' title="bbox 0 0 1131 3990">
     <span class='ocr_line' id='line_1_36' title="bbox 0 0 1131 3990; baseline 0 0"><span class='ocrx_word' id='word_1_228' title='bbox 0 0 1131 3990; x_wconf 95' lang='lat' dir='ltr'><strong> </strong></span> 
     </span>
    </p>
   </div>
  </div>
 </body>
</html>
