<?xml version="1.0" encoding="UTF-8"?>
<!DOCTYPE html PUBLIC "-//W3C//DTD XHTML 1.0 Transitional//EN"
    "http://www.w3.org/TR/xhtml1/DTD/xhtml1-transitional.dtd">
<html xmlns="http://www.w3.org/1999/xhtml" xml:lang="en" lang="en">
 <head>
  <title>
</title>
<meta http-equiv="Content-Type" content="text/html;charset=utf-8" />
  <meta name='ocr-system' content='tesseract 3.04.00' />
  <meta name='ocr-capabilities' content='ocr_page ocr_carea ocr_par ocr_line ocrx_word'/>
</head>
<body>
  <div class='ocr_page' id='page_1' title='image "./richardibentlei00bentgoog_0566.png"; bbox 0 0 2250 3990; ppageno 0'>
   <div class='ocr_carea' id='block_1_1' title="bbox 275 216 981 304">
    <p class='ocr_par' dir='ltr' id='par_1_1' title="bbox 275 216 981 304">
     <span class='ocr_line' id='line_1_1' title="bbox 275 216 981 304; baseline 0.01 -25"><span class='ocrx_word' id='word_1_1' title='bbox 275 236 579 302; x_wconf 16' lang='lat' dir='ltr'><strong><em>eeuuouuutnre.</em></strong></span> <span class='ocrx_word' id='word_1_2' title='bbox 609 216 727 304; x_wconf 45' lang='lat' dir='ltr'><strong><em>Il„,3.</em></strong></span> <span class='ocrx_word' id='word_1_3' title='bbox 817 234 820 245; x_wconf 93' lang='grc'><strong><em>·</em></strong></span> <span class='ocrx_word' id='word_1_4' title='bbox 914 220 981 285; x_wconf 74' lang='lat' dir='ltr'><strong><em>teo</em></strong></span> 
     </span>
    </p>
   </div>
   <div class='ocr_carea' id='block_1_2' title="bbox 56 312 992 2353">
    <p class='ocr_par' dir='ltr' id='par_1_2' title="bbox 56 312 984 717">
     <span class='ocr_line' id='line_1_2' title="bbox 56 312 983 381; baseline 0 -10"><span class='ocrx_word' id='word_1_5' title='bbox 56 340 59 349; x_wconf 94' lang='lat'>·</span> <span class='ocrx_word' id='word_1_6' title='bbox 86 317 168 373; x_wconf 87' lang='lat' dir='ltr'><strong><em>euim</em></strong></span> <span class='ocrx_word' id='word_1_7' title='bbox 190 316 282 372; x_wconf 78' lang='lat' dir='ltr'><strong><em>Persii</em></strong></span> <span class='ocrx_word' id='word_1_8' title='bbox 306 316 476 381; x_wconf 73' lang='lat' dir='ltr'><strong><em>Scholieetee</em></strong></span> <span class='ocrx_word' id='word_1_9' title='bbox 501 317 537 371; x_wconf 84' lang='lat' dir='ltr'><strong><em>ed</em></strong></span> <span class='ocrx_word' id='word_1_10' title='bbox 560 316 618 370; x_wconf 84' lang='lat' dir='ltr'><strong><em>Set.</em></strong></span> <span class='ocrx_word' id='word_1_11' title='bbox 643 312 696 371; x_wconf 87' lang='lat'>111.</span> <span class='ocrx_word' id='word_1_12' title='bbox 720 318 763 373; x_wconf 82' lang='lat' dir='ltr'><strong><em>cic</em></strong></span> <span class='ocrx_word' id='word_1_13' title='bbox 786 315 885 375; x_wconf 86' lang='lat' dir='ltr'><strong><em>locum</em></strong></span> <span class='ocrx_word' id='word_1_14' title='bbox 901 312 983 371; x_wconf 84' lang='lat' dir='ltr'><strong><em>bunc</em></strong></span> 
     </span>
     <span class='ocr_line' id='line_1_3' title="bbox 56 386 982 459; baseline 0.004 -20"><span class='ocrx_word' id='word_1_15' title='bbox 56 389 144 455; x_wconf 72' lang='lat' dir='ltr'><strong><em>olent,</em></strong></span> <span class='ocrx_word' id='word_1_16' title='bbox 181 386 255 457; x_wconf 85' lang='lat' dir='ltr'><strong><em>Quin</em></strong></span> <span class='ocrx_word' id='word_1_17' title='bbox 277 399 307 437; x_wconf 88' lang='lat' dir='ltr'><strong><em>tu</em></strong></span> <span class='ocrx_word' id='word_1_18' title='bbox 328 387 461 437; x_wconf 79' lang='lat' dir='ltr'><strong><em>inuidiam</em></strong></span> <span class='ocrx_word' id='word_1_19' title='bbox 482 386 593 454; x_wconf 85' lang='lat' dir='ltr'><strong><em>placare</em></strong></span> <span class='ocrx_word' id='word_1_20' title='bbox 615 405 715 455; x_wconf 80' lang='lat' dir='ltr'><strong><em>poros:</em></strong></span> <span class='ocrx_word' id='word_1_21' title='bbox 746 404 832 459; x_wconf 77' lang='lat' dir='ltr'><strong><em>quem</em></strong></span> <span class='ocrx_word' id='word_1_22' title='bbox 859 388 982 443; x_wconf 60' lang='lat' dir='ltr'><strong><em>eundem</em></strong></span> 
     </span>
     <span class='ocr_line' id='line_1_4' title="bbox 64 452 982 527; baseline 0.007 -20"><span class='ocrx_word' id='word_1_23' title='bbox 64 454 192 527; x_wconf 83' lang='lat' dir='ltr'><strong><em>ipturem</em></strong></span> <span class='ocrx_word' id='word_1_24' title='bbox 210 455 309 508; x_wconf 84' lang='lat' dir='ltr'><strong><em>iuveni</em></strong></span> <span class='ocrx_word' id='word_1_25' title='bbox 329 455 416 506; x_wconf 88' lang='lat' dir='ltr'><strong><em>etiem</em></strong></span> <span class='ocrx_word' id='word_1_26' title='bbox 436 456 466 506; x_wconf 89' lang='lat' dir='ltr'><strong><em>in</em></strong></span> <span class='ocrx_word' id='word_1_27' title='bbox 486 455 544 507; x_wconf 87' lang='lat' dir='ltr'><strong><em>elic</em></strong></span> <span class='ocrx_word' id='word_1_28' title='bbox 562 452 687 524; x_wconf 80' lang='lat' dir='ltr'><strong><em>quodum</em></strong></span> <span class='ocrx_word' id='word_1_29' title='bbox 706 454 798 509; x_wconf 74' lang='lat' dir='ltr'><strong><em>Penii</em></strong></span> <span class='ocrx_word' id='word_1_30' title='bbox 815 460 982 513; x_wconf 74' lang='lat' dir='ltr'><strong><em>enerrolore</em></strong></span> 
     </span>
     <span class='ocr_line' id='line_1_5' title="bbox 56 520 984 595; baseline 0.001 -18"><span class='ocrx_word' id='word_1_31' title='bbox 56 524 118 589; x_wconf 72' lang='lat' dir='ltr'><strong><em>eto,</em></strong></span> <span class='ocrx_word' id='word_1_32' title='bbox 149 524 197 595; x_wconf 76' lang='lat' dir='ltr'><strong><em>qui</em></strong></span> <span class='ocrx_word' id='word_1_33' title='bbox 224 524 347 577; x_wconf 83' lang='lat' dir='ltr'><strong><em>hebetur</em></strong></span> <span class='ocrx_word' id='word_1_34' title='bbox 370 522 403 575; x_wconf 89' lang='lat' dir='ltr'><strong><em>in</em></strong></span> <span class='ocrx_word' id='word_1_35' title='bbox 422 522 601 575; x_wconf 79' lang='lat' dir='ltr'><strong>Bibliotheca</strong></span> <span class='ocrx_word' id='word_1_36' title='bbox 619 520 719 592; x_wconf 77' lang='lat' dir='ltr'><strong><em>Regio.</em></strong></span> <span class='ocrx_word' id='word_1_37' title='bbox 755 524 838 577; x_wconf 85' lang='lat' dir='ltr'><strong><em>Unde</em></strong></span> <span class='ocrx_word' id='word_1_38' title='bbox 862 542 895 577; x_wconf 79' lang='lat' dir='ltr'><strong><em>ex</em></strong></span> <span class='ocrx_word' id='word_1_39' title='bbox 915 525 984 579; x_wconf 78' lang='lat' dir='ltr'><strong><em>‹loo-</em></strong></span> 
     </span>
     <span class='ocr_line' id='line_1_6' title="bbox 56 590 983 673; baseline 0.006 -30"><span class='ocrx_word' id='word_1_40' title='bbox 56 591 123 673; x_wconf 69' lang='lat' dir='ltr'><strong><em>rimi</em></strong></span> <span class='ocrx_word' id='word_1_41' title='bbox 142 593 289 663; x_wconf 78' lang='lat' dir='ltr'><strong><em>Rutgereii</em></strong></span> <span class='ocrx_word' id='word_1_42' title='bbox 309 592 476 645; x_wconf 79' lang='lat' dir='ltr'><strong><em>coniectum</em></strong></span> <span class='ocrx_word' id='word_1_43' title='bbox 492 600 569 665; x_wconf 85' lang='lat' dir='ltr'><strong><em>totue¹</em></strong></span> <span class='ocrx_word' id='word_1_44' title='bbox 585 590 634 645; x_wconf 87' lang='lat' dir='ltr'><strong><em>hic</em></strong></span> <span class='ocrx_word' id='word_1_45' title='bbox 650 590 732 647; x_wconf 77' lang='lat' dir='ltr'><strong><em>loom</em></strong></span> <span class='ocrx_word' id='word_1_46' title='bbox 752 594 795 649; x_wconf 83' lang='lat' dir='ltr'><strong><em>eie</em></strong></span> <span class='ocrx_word' id='word_1_47' title='bbox 812 594 983 649; x_wconf 80' lang='lat' dir='ltr'><strong><em>couciumri</em></strong></span> 
     </span>
     <span class='ocr_line' id='line_1_7' title="bbox 56 670 141 717; baseline 0 -2"><span class='ocrx_word' id='word_1_48' title='bbox 56 670 141 717; x_wconf 78' lang='lat' dir='ltr'><strong><em>rent:</em></strong></span> 
     </span>
    </p>

    <p class='ocr_par' dir='ltr' id='par_1_3' title="bbox 88 726 856 799">
     <span class='ocr_line' id='line_1_8' title="bbox 88 726 856 799; baseline -0.003 -18"><span class='ocrx_word' id='word_1_49' title='bbox 88 728 226 797; x_wconf 80' lang='lat' dir='ltr'><strong><em>Quorsum</em></strong></span> <span class='ocrx_word' id='word_1_50' title='bbox 241 730 369 799; x_wconf 77' lang='lat' dir='ltr'><strong><em>pertinuit</em></strong></span> <span class='ocrx_word' id='word_1_51' title='bbox 385 730 488 796; x_wconf 80' lang='lat' dir='ltr'><strong><em>stipere</em></strong></span> <span class='ocrx_word' id='word_1_52' title='bbox 508 728 626 779; x_wconf 84' lang='lat' dir='ltr'><strong><em>Platone</em></strong></span> <span class='ocrx_word' id='word_1_53' title='bbox 643 726 822 781; x_wconf 75' lang='lat' dir='ltr'><strong><em>Menandro?</em></strong></span> <span class='ocrx_word' id='word_1_54' title='bbox 853 788 856 795; x_wconf 37' lang='grc' dir='ltr'>Ι</span> 
     </span>
    </p>

    <p class='ocr_par' dir='ltr' id='par_1_4' title="bbox 85 796 868 869">
     <span class='ocr_line' id='line_1_9' title="bbox 85 796 868 869; baseline 0 -18"><span class='ocrx_word' id='word_1_55' title='bbox 85 798 218 864; x_wconf 83' lang='lat' dir='ltr'><strong><em>Eupolin,</em></strong></span> <span class='ocrx_word' id='word_1_56' title='bbox 238 796 437 863; x_wconf 76' lang='lat' dir='ltr'><strong><em>Archilochum,</em></strong></span> <span class='ocrx_word' id='word_1_57' title='bbox 456 799 566 849; x_wconf 81' lang='lat' dir='ltr'><em>comites</em></span> <span class='ocrx_word' id='word_1_58' title='bbox 583 796 716 848; x_wconf 79' lang='lat' dir='ltr'><strong><em>educere?</em></strong></span> <span class='ocrx_word' id='word_1_59' title='bbox 733 796 813 869; x_wconf 81' lang='lat' dir='ltr'><strong><em>quid,</em></strong></span> <span class='ocrx_word' id='word_1_60' title='bbox 833 804 868 851; x_wconf 80' lang='lat' dir='ltr'><strong><em>iu</em></strong></span> 
     </span>
    </p>

    <p class='ocr_par' dir='ltr' id='par_1_5' title="bbox 87 864 714 933">
     <span class='ocr_line' id='line_1_10' title="bbox 87 864 714 933; baseline -0.003 -14"><span class='ocrx_word' id='word_1_61' title='bbox 87 867 228 919; x_wconf 81' lang='lat' dir='ltr'><em>Invidiam</em></span> <span class='ocrx_word' id='word_1_62' title='bbox 245 867 354 933; x_wconf 85' lang='lat' dir='ltr'><strong><em>placore</em></strong></span> <span class='ocrx_word' id='word_1_63' title='bbox 369 884 459 933; x_wconf 84' lang='lat' dir='ltr'><strong><em>puras,</em></strong></span> <span class='ocrx_word' id='word_1_64' title='bbox 476 866 578 917; x_wconf 82' lang='lat' dir='ltr'><strong><em>virtute</em></strong></span> <span class='ocrx_word' id='word_1_65' title='bbox 595 864 714 919; x_wconf 77' lang='lat' dir='ltr'><strong><em>relicto?</em></strong></span> 
     </span>
    </p>

    <p class='ocr_par' dir='ltr' id='par_1_6' title="bbox 89 932 371 987">
     <span class='ocr_line' id='line_1_11' title="bbox 89 932 371 987; baseline -0.007 0"><span class='ocrx_word' id='word_1_66' title='bbox 89 932 266 987; x_wconf 78' lang='lat' dir='ltr'><strong><em>Contemnere</em></strong></span> <span class='ocrx_word' id='word_1_67' title='bbox 283 935 371 985; x_wconf 82' lang='lat' dir='ltr'><strong><em>miser.</em></strong></span> 
     </span>
    </p>

    <p class='ocr_par' dir='ltr' id='par_1_7' title="bbox 69 1000 491 1067">
     <span class='ocr_line' id='line_1_12' title="bbox 69 1000 491 1067; baseline -0.005 -10"><span class='ocrx_word' id='word_1_68' title='bbox 69 1002 147 1067; x_wconf 79' lang='lat' dir='ltr'><strong><em>illud</em></strong></span> <span class='ocrx_word' id='word_1_69' title='bbox 167 1004 298 1055; x_wconf 84' lang='lat' dir='ltr'><strong><em>Terentii</em></strong></span> <span class='ocrx_word' id='word_1_70' title='bbox 316 1002 389 1053; x_wconf 85' lang='lat' dir='ltr'><strong><em>Eun.</em></strong></span> <span class='ocrx_word' id='word_1_71' title='bbox 408 1000 446 1067; x_wconf 86' lang='lat' dir='ltr'><strong><em>ll,</em></strong></span> <span class='ocrx_word' id='word_1_72' title='bbox 466 1018 491 1055; x_wconf 86' lang='lat' dir='ltr'><strong><em>e.</em></strong></span> 
     </span>
    </p>

    <p class='ocr_par' dir='ltr' id='par_1_8' title="bbox 56 1066 992 1955">
     <span class='ocr_line' id='line_1_13' title="bbox 89 1066 831 1140; baseline 0.004 -19"><span class='ocrx_word' id='word_1_73' title='bbox 89 1069 178 1140; x_wconf 83' lang='lat' dir='ltr'><strong><em>Quid,</em></strong></span> <span class='ocrx_word' id='word_1_74' title='bbox 197 1080 228 1123; x_wconf 88' lang='lat' dir='ltr'><strong><em>tu</em></strong></span> <span class='ocrx_word' id='word_1_75' title='bbox 247 1070 291 1122; x_wconf 79' lang='lat' dir='ltr'><strong><em>irie</em></strong></span> <span class='ocrx_word' id='word_1_76' title='bbox 307 1068 489 1135; x_wconf 64' lang='lat' dir='ltr'><strong><em>numitoris</em></strong></span> <span class='ocrx_word' id='word_1_77' title='bbox 499 1066 590 1137; x_wconf 76' lang='lat' dir='ltr'><strong><em>fieri?</em></strong></span> <span class='ocrx_word' id='word_1_78' title='bbox 608 1082 665 1121; x_wconf 85' lang='lat' dir='ltr'><strong><em>toto</em></strong></span> <span class='ocrx_word' id='word_1_79' title='bbox 684 1088 760 1131; x_wconf 79' lang='lat' dir='ltr'><strong><em>error</em></strong></span> <span class='ocrx_word' id='word_1_80' title='bbox 775 1073 831 1125; x_wconf 82' lang='lat' dir='ltr'><strong><em>uic.</em></strong></span> 
     </span>
     <span class='ocr_line' id='line_1_14' title="bbox 56 1138 986 1211; baseline 0.004 -20"><span class='ocrx_word' id='word_1_81' title='bbox 56 1156 94 1192; x_wconf 77' lang='lat' dir='ltr'><strong><em>ue</em></strong></span> <span class='ocrx_word' id='word_1_82' title='bbox 113 1148 179 1209; x_wconf 79' lang='lat' dir='ltr'><strong><em>epte</em></strong></span> <span class='ocrx_word' id='word_1_83' title='bbox 195 1139 261 1193; x_wconf 77' lang='lat' dir='ltr'><strong><em>ertio</em></strong></span> <span class='ocrx_word' id='word_1_84' title='bbox 284 1138 340 1193; x_wconf 86' lang='lat' dir='ltr'><strong><em>boc</em></strong></span> <span class='ocrx_word' id='word_1_85' title='bbox 364 1146 393 1192; x_wconf 87' lang='lat' dir='ltr'><strong><em>et</em></strong></span> <span class='ocrx_word' id='word_1_86' title='bbox 416 1138 569 1191; x_wconf 85' lang='lat' dir='ltr'><strong><em>commode</em></strong></span> <span class='ocrx_word' id='word_1_87' title='bbox 587 1138 679 1206; x_wconf 83' lang='lat' dir='ltr'><strong><em>exire,</em></strong></span> <span class='ocrx_word' id='word_1_88' title='bbox 712 1146 799 1193; x_wconf 70' lang='lat' dir='ltr'><strong><em>nemo</em></strong></span> <span class='ocrx_word' id='word_1_89' title='bbox 823 1148 916 1211; x_wconf 82' lang='lat' dir='ltr'><strong><em>poteri</em></strong></span> <span class='ocrx_word' id='word_1_90' title='bbox 940 1140 986 1196; x_wconf 84' lang='lat' dir='ltr'><strong><em>iu·</em></strong></span> 
     </span>
     <span class='ocr_line' id='line_1_15' title="bbox 56 1198 986 1281; baseline 0.009 -24"><span class='ocrx_word' id='word_1_91' title='bbox 56 1207 130 1261; x_wconf 82' lang='lat' dir='ltr'><strong><em>ieri:</em></strong></span> <span class='ocrx_word' id='word_1_92' title='bbox 160 1206 288 1261; x_wconf 85' lang='lat' dir='ltr'><strong><em>contenti</em></strong></span> <span class='ocrx_word' id='word_1_93' title='bbox 306 1216 402 1261; x_wconf 89' lang='lat' dir='ltr'><strong><em>temeu</em></strong></span> <span class='ocrx_word' id='word_1_94' title='bbox 420 1206 528 1261; x_wconf 81' lang='lat' dir='ltr'><strong><em>etimne</em></strong></span> <span class='ocrx_word' id='word_1_95' title='bbox 546 1198 672 1259; x_wconf 78' lang='lat' dir='ltr'><strong><em>lectibne</em></strong></span> <span class='ocrx_word' id='word_1_96' title='bbox 688 1206 757 1276; x_wconf 80' lang='lat' dir='ltr'><strong><em>ille,</em></strong></span> <span class='ocrx_word' id='word_1_97' title='bbox 791 1210 986 1281; x_wconf 79' lang='lat' dir='ltr'><strong><em>quemliodie</em></strong></span> 
     </span>
     <span class='ocr_line' id='line_1_16' title="bbox 57 1271 986 1356; baseline 0.004 -27"><span class='ocrx_word' id='word_1_98' title='bbox 57 1276 207 1347; x_wconf 73' lang='lat' dir='ltr'><strong><em>:peditent</em></strong></span> <span class='ocrx_word' id='word_1_99' title='bbox 235 1276 331 1329; x_wconf 82' lang='lat' dir='ltr'><strong><em>Fleoci</em></strong></span> <span class='ocrx_word' id='word_1_100' title='bbox 356 1276 541 1356; x_wconf 79' lang='lat' dir='ltr'><strong><em>exemplario.</em></strong></span> <span class='ocrx_word' id='word_1_101' title='bbox 586 1274 721 1331; x_wconf 84' lang='lat' dir='ltr'><strong><em>Ceterum</em></strong></span> <span class='ocrx_word' id='word_1_102' title='bbox 749 1294 836 1348; x_wconf 83' lang='lat' dir='ltr'><strong><em>quem</em></strong></span> <span class='ocrx_word' id='word_1_103' title='bbox 860 1271 986 1333; x_wconf 70' lang='lat' dir='ltr'><strong><em>necundo</em></strong></span> 
     </span>
     <span class='ocr_line' id='line_1_17' title="bbox 56 1343 992 1415; baseline 0.009 -22"><span class='ocrx_word' id='word_1_104' title='bbox 56 1362 88 1397; x_wconf 77' lang='lat' dir='ltr'><strong><em>:o</em></strong></span> <span class='ocrx_word' id='word_1_105' title='bbox 109 1345 308 1399; x_wconf 73' lang='lat' dir='ltr'><strong><em>coniecturum</em></strong></span> <span class='ocrx_word' id='word_1_106' title='bbox 334 1343 457 1415; x_wconf 81' lang='lat' dir='ltr'><strong><em>protulit</em></strong></span> <span class='ocrx_word' id='word_1_107' title='bbox 480 1344 560 1395; x_wconf 88' lang='lat' dir='ltr'><strong><em>idem</em></strong></span> <span class='ocrx_word' id='word_1_108' title='bbox 577 1343 759 1411; x_wconf 76' lang='lat' dir='ltr'><strong><em>Rutgereiue,</em></strong></span> <span class='ocrx_word' id='word_1_109' title='bbox 790 1346 923 1414; x_wconf 83' lang='lat' dir='ltr'><strong><em>Quincee‚·</em></strong></span> <span class='ocrx_word' id='word_1_110' title='bbox 952 1356 992 1401; x_wconf 70' lang='lat' dir='ltr'><strong><em>ue</em></strong></span> 
     </span>
     <span class='ocr_line' id='line_1_18' title="bbox 62 1410 987 1489; baseline 0.006 -24"><span class='ocrx_word' id='word_1_111' title='bbox 62 1414 173 1466; x_wconf 70' lang='lat' dir='ltr'><strong><em>retium</em></strong></span> <span class='ocrx_word' id='word_1_112' title='bbox 196 1414 247 1469; x_wconf 86' lang='lat' dir='ltr'><strong><em>hic</em></strong></span> <span class='ocrx_word' id='word_1_113' title='bbox 270 1410 459 1485; x_wconf 75' lang='lat' dir='ltr'><strong><em>praenomine</em></strong></span> <span class='ocrx_word' id='word_1_114' title='bbox 483 1410 637 1480; x_wconf 81' lang='lat' dir='ltr'><strong><em>compellet</em></strong></span> <span class='ocrx_word' id='word_1_115' title='bbox 662 1410 810 1467; x_wconf 71' lang='lat' dir='ltr'><strong><em>blandiens</em></strong></span> <span class='ocrx_word' id='word_1_116' title='bbox 835 1414 987 1489; x_wconf 81' lang='lat' dir='ltr'><strong><em>Demoeip·</em></strong></span> 
     </span>
     <span class='ocr_line' id='line_1_19' title="bbox 57 1478 987 1601; baseline 0.005 -65"><span class='ocrx_word' id='word_1_117' title='bbox 57 1498 91 1541; x_wconf 69' lang='lat' dir='ltr'><strong><em>ei</em></strong></span> <span class='ocrx_word' id='word_1_118' title='bbox 102 1551 108 1562; x_wconf 42' lang='lat'><strong>·</strong></span> <span class='ocrx_word' id='word_1_119' title='bbox 121 1500 200 1601; x_wconf 70' lang='lat' dir='ltr'><strong><em>epm,</em></strong></span> <span class='ocrx_word' id='word_1_120' title='bbox 220 1482 274 1536; x_wconf 84' lang='lat' dir='ltr'><strong><em>etei</em></strong></span> <span class='ocrx_word' id='word_1_121' title='bbox 291 1480 402 1535; x_wconf 73' lang='lat' dir='ltr'><strong><em>auctori</em></strong></span> <span class='ocrx_word' id='word_1_122' title='bbox 419 1480 543 1533; x_wconf 86' lang='lat' dir='ltr'><strong><em>mirifice</em></strong></span> <span class='ocrx_word' id='word_1_123' title='bbox 559 1478 685 1550; x_wconf 72' lang='lat' dir='ltr'><strong><em>placuit,</em></strong></span> <span class='ocrx_word' id='word_1_124' title='bbox 704 1482 796 1535; x_wconf 86' lang='lat' dir='ltr'><strong><em>multo</em></strong></span> <span class='ocrx_word' id='word_1_125' title='bbox 813 1482 987 1541; x_wconf 79' lang='lat' dir='ltr'><strong><em>deteriorem</em></strong></span> 
     </span>
     <span class='ocr_line' id='line_1_20' title="bbox 57 1566 211 1605; baseline 0.052 -8"><span class='ocrx_word' id='word_1_126' title='bbox 57 1568 81 1602; x_wconf 90' lang='lat' dir='ltr'><strong><em>.e</em></strong></span> <span class='ocrx_word' id='word_1_127' title='bbox 99 1567 130 1602; x_wconf 90' lang='lat' dir='ltr'><strong><em>1u</em></strong></span> <span class='ocrx_word' id='word_1_128' title='bbox 154 1566 211 1605; x_wconf 79' lang='lat' dir='ltr'><strong><em>ico.</em></strong></span> 
     </span>
     <span class='ocr_line' id='line_1_21' title="bbox 57 1613 987 1691; baseline 0.004 -22"><span class='ocrx_word' id='word_1_129' title='bbox 57 1630 100 1683; x_wconf 71' lang='lat'><strong><em>²7·</em></strong></span> <span class='ocrx_word' id='word_1_130' title='bbox 126 1622 162 1669; x_wconf 83' lang='lat' dir='ltr'><strong><em>Er</em></strong></span> <span class='ocrx_word' id='word_1_131' title='bbox 181 1618 267 1669; x_wconf 79' lang='lat' dir='ltr'><strong><em>morbi</em></strong></span> <span class='ocrx_word' id='word_1_132' title='bbox 290 1616 374 1667; x_wconf 86' lang='lat' dir='ltr'><strong><em>miror</em></strong></span> <span class='ocrx_word' id='word_1_133' title='bbox 388 1628 534 1683; x_wconf 78' lang='lat' dir='ltr'><strong><em>purgatum</em></strong></span> <span class='ocrx_word' id='word_1_134' title='bbox 551 1626 577 1665; x_wconf 88' lang='lat' dir='ltr'><strong><em>te</em></strong></span> <span class='ocrx_word' id='word_1_135' title='bbox 595 1613 683 1681; x_wconf 80' lang='lat' dir='ltr'><strong><em>iliius]</em></strong></span> <span class='ocrx_word' id='word_1_136' title='bbox 722 1614 819 1675; x_wconf 80' lang='lat' dir='ltr'><strong><em>Miror</em></strong></span> <span class='ocrx_word' id='word_1_137' title='bbox 842 1618 987 1691; x_wconf 77' lang='lat' dir='ltr'><strong><em>equidem,</em></strong></span> 
     </span>
     <span class='ocr_line' id='line_1_22' title="bbox 57 1682 987 1753; baseline 0.009 -19"><span class='ocrx_word' id='word_1_138' title='bbox 57 1687 101 1737; x_wconf 47' lang='lat' dir='ltr'><strong><em>ide</em></strong></span> <span class='ocrx_word' id='word_1_139' title='bbox 119 1686 175 1737; x_wconf 88' lang='lat' dir='ltr'><strong><em>boc</em></strong></span> <span class='ocrx_word' id='word_1_140' title='bbox 194 1684 270 1737; x_wconf 86' lang='lat' dir='ltr'><strong><em>melo</em></strong></span> <span class='ocrx_word' id='word_1_141' title='bbox 288 1682 362 1750; x_wconf 85' lang='lat' dir='ltr'><strong><em>pede</em></strong></span> <span class='ocrx_word' id='word_1_142' title='bbox 378 1699 408 1735; x_wconf 85' lang='lat' dir='ltr'><strong><em>ee</em></strong></span> <span class='ocrx_word' id='word_1_143' title='bbox 425 1682 457 1735; x_wconf 90' lang='lat' dir='ltr'><strong><em>in</em></strong></span> <span class='ocrx_word' id='word_1_144' title='bbox 475 1698 574 1735; x_wconf 76' lang='lat' dir='ltr'><strong><em>omne·</em></strong></span> <span class='ocrx_word' id='word_1_145' title='bbox 591 1684 738 1753; x_wconf 70' lang='lat' dir='ltr'><strong><em>superiore</em></strong></span> <span class='ocrx_word' id='word_1_146' title='bbox 753 1684 867 1739; x_wconf 77' lang='lat' dir='ltr'><strong><em>merulo</em></strong></span> <span class='ocrx_word' id='word_1_147' title='bbox 884 1686 987 1743; x_wconf 86' lang='lat' dir='ltr'><strong><em>editio·</em></strong></span> 
     </span>
     <span class='ocr_line' id='line_1_23' title="bbox 57 1750 989 1823; baseline 0.012 -25"><span class='ocrx_word' id='word_1_148' title='bbox 57 1772 75 1805; x_wconf 74' lang='lat' dir='ltr'><strong><em>u</em></strong></span> <span class='ocrx_word' id='word_1_149' title='bbox 95 1753 236 1804; x_wconf 85' lang='lat' dir='ltr'><strong><em>intulerit.</em></strong></span> <span class='ocrx_word' id='word_1_150' title='bbox 272 1751 370 1804; x_wconf 68' lang='lat' dir='ltr'><strong><em>Alium</em></strong></span> <span class='ocrx_word' id='word_1_151' title='bbox 387 1752 466 1803; x_wconf 83' lang='lat' dir='ltr'><strong><em>enim</em></strong></span> <span class='ocrx_word' id='word_1_152' title='bbox 485 1752 641 1804; x_wconf 84' lang='lat' dir='ltr'><strong><em>verborum</em></strong></span> <span class='ocrx_word' id='word_1_153' title='bbox 657 1750 790 1813; x_wconf 78' lang='lat' dir='ltr'><strong><em>ordinem</em></strong></span> <span class='ocrx_word' id='word_1_154' title='bbox 810 1766 937 1823; x_wconf 70' lang='lat' dir='ltr'><strong><em>porrum,</em></strong></span> <span class='ocrx_word' id='word_1_155' title='bbox 959 1766 989 1809; x_wconf 88' lang='lat' dir='ltr'><strong><em>et</em></strong></span> 
     </span>
     <span class='ocr_line' id='line_1_24' title="bbox 57 1817 992 1891; baseline 0.005 -21"><span class='ocrx_word' id='word_1_156' title='bbox 57 1820 184 1889; x_wconf 76' lang='lat' dir='ltr'><strong><em>itiquitue</em></strong></span> <span class='ocrx_word' id='word_1_157' title='bbox 202 1819 296 1873; x_wconf 70' lang='lat' dir='ltr'><strong><em>excusi</em></strong></span> <span class='ocrx_word' id='word_1_158' title='bbox 320 1817 405 1889; x_wconf 85' lang='lat' dir='ltr'><strong><em>libri,</em></strong></span> <span class='ocrx_word' id='word_1_159' title='bbox 434 1828 464 1872; x_wconf 86' lang='lat' dir='ltr'><strong><em>et</em></strong></span> <span class='ocrx_word' id='word_1_160' title='bbox 487 1818 590 1890; x_wconf 69' lang='lat' dir='ltr'><strong><em>scripti</em></strong></span> <span class='ocrx_word' id='word_1_161' title='bbox 614 1819 700 1872; x_wconf 85' lang='lat' dir='ltr'><strong><em>credo</em></strong></span> <span class='ocrx_word' id='word_1_162' title='bbox 724 1820 868 1891; x_wconf 83' lang='lat' dir='ltr'><strong><em>unirerei,</em></strong></span> <span class='ocrx_word' id='word_1_163' title='bbox 897 1826 992 1879; x_wconf 82' lang='lat' dir='ltr'><strong><em>nootri</em></strong></span> 
     </span>
     <span class='ocr_line' id='line_1_25' title="bbox 57 1889 395 1955; baseline 0 -16"><span class='ocrx_word' id='word_1_164' title='bbox 57 1898 105 1939; x_wconf 75' lang='lat' dir='ltr'><strong><em>ute</em></strong></span> <span class='ocrx_word' id='word_1_165' title='bbox 123 1889 158 1940; x_wconf 87' lang='lat' dir='ltr'><strong><em>ed</em></strong></span> <span class='ocrx_word' id='word_1_166' title='bbox 176 1900 267 1941; x_wconf 88' lang='lat' dir='ltr'><strong><em>unum</em></strong></span> <span class='ocrx_word' id='word_1_167' title='bbox 288 1904 395 1955; x_wconf 88' lang='lat' dir='ltr'><strong><em>omnee,</em></strong></span> 
     </span>
    </p>

    <p class='ocr_par' dir='ltr' id='par_1_9' title="bbox 57 1955 990 2353">
     <span class='ocr_line' id='line_1_26' title="bbox 96 1955 661 2024; baseline -0.004 -17"><span class='ocrx_word' id='word_1_168' title='bbox 96 1958 132 2007; x_wconf 86' lang='lat' dir='ltr'><strong><em>Er</em></strong></span> <span class='ocrx_word' id='word_1_169' title='bbox 150 1958 242 2011; x_wconf 86' lang='lat' dir='ltr'><strong><em>miror</em></strong></span> <span class='ocrx_word' id='word_1_170' title='bbox 258 1958 354 2010; x_wconf 85' lang='lat' dir='ltr'><strong><em>morbi</em></strong></span> <span class='ocrx_word' id='word_1_171' title='bbox 370 1968 517 2024; x_wconf 81' lang='lat' dir='ltr'><strong><em>purgatum</em></strong></span> <span class='ocrx_word' id='word_1_172' title='bbox 533 1968 564 2008; x_wconf 82' lang='lat' dir='ltr'><strong><em>te</em></strong></span> <span class='ocrx_word' id='word_1_173' title='bbox 576 1955 661 2007; x_wconf 81' lang='lat' dir='ltr'><strong><em>illius.</em></strong></span> 
     </span>
     <span class='ocr_line' id='line_1_27' title="bbox 57 2020 989 2097; baseline 0.008 -21"><span class='ocrx_word' id='word_1_174' title='bbox 57 2024 112 2077; x_wconf 85' lang='lat' dir='ltr'><strong><em>uod</em></strong></span> <span class='ocrx_word' id='word_1_175' title='bbox 130 2036 159 2077; x_wconf 87' lang='lat' dir='ltr'><strong><em>et</em></strong></span> <span class='ocrx_word' id='word_1_176' title='bbox 177 2026 239 2079; x_wconf 81' lang='lat' dir='ltr'><strong><em>roni</em></strong></span> <span class='ocrx_word' id='word_1_177' title='bbox 259 2025 411 2093; x_wconf 73' lang='lat' dir='ltr'><strong><em>suevitete,</em></strong></span> <span class='ocrx_word' id='word_1_178' title='bbox 439 2033 468 2077; x_wconf 85' lang='lat' dir='ltr'><strong><em>et</em></strong></span> <span class='ocrx_word' id='word_1_179' title='bbox 485 2022 702 2097; x_wconf 83' lang='lat' dir='ltr'><strong><em>compoeitiouie</em></strong></span> <span class='ocrx_word' id='word_1_180' title='bbox 717 2020 919 2097; x_wconf 80' lang='lat' dir='ltr'><strong><em>eimpliuitule,</em></strong></span> <span class='ocrx_word' id='word_1_181' title='bbox 946 2026 989 2083; x_wconf 81' lang='lat' dir='ltr'><strong><em>el·</em></strong></span> 
     </span>
     <span class='ocr_line' id='line_1_28' title="bbox 57 2104 474 2147; baseline 0.002 -2"><span class='ocrx_word' id='word_1_182' title='bbox 57 2109 88 2146; x_wconf 84' lang='lat' dir='ltr'><strong><em>ro</em></strong></span> <span class='ocrx_word' id='word_1_183' title='bbox 128 2104 239 2147; x_wconf 74' lang='lat' dir='ltr'><strong><em>naemei.</em></strong></span> <span class='ocrx_word' id='word_1_184' title='bbox 472 2124 474 2129; x_wconf 61' lang='lat'>&gt;</span> 
     </span>
     <span class='ocr_line' id='line_1_29' title="bbox 59 2112 989 2231; baseline 0.002 -18"><span class='ocrx_word' id='word_1_185' title='bbox 59 2112 239 2231; x_wconf 67' lang='lat' dir='ltr'><strong><em>29.anterir</em></strong></span> <span class='ocrx_word' id='word_1_186' title='bbox 258 2162 351 2212; x_wconf 85' lang='lat' dir='ltr'><strong><em>miseri</em></strong></span> <span class='ocrx_word' id='word_1_187' title='bbox 369 2160 515 2229; x_wconf 79' lang='lat' dir='ltr'><strong><em>cupitisque</em></strong></span> <span class='ocrx_word' id='word_1_188' title='bbox 535 2157 638 2227; x_wconf 76' lang='lat' dir='ltr'><strong><em>dolore]</em></strong></span> <span class='ocrx_word' id='word_1_189' title='bbox 676 2158 773 2213; x_wconf 71' lang='lat' dir='ltr'><strong><em>Etiam</em></strong></span> <span class='ocrx_word' id='word_1_190' title='bbox 797 2157 845 2213; x_wconf 80' lang='lat' dir='ltr'><strong><em>bic</em></strong></span> <span class='ocrx_word' id='word_1_191' title='bbox 870 2176 923 2231; x_wconf 83' lang='lat' dir='ltr'><strong><em>per</em></strong></span> <span class='ocrx_word' id='word_1_192' title='bbox 944 2160 989 2215; x_wconf 84' lang='lat' dir='ltr'><strong><em>in·</em></strong></span> 
     </span>
     <span class='ocr_line' id='line_1_30' title="bbox 57 2228 989 2299; baseline 0.001 -16"><span class='ocrx_word' id='word_1_193' title='bbox 57 2248 71 2283; x_wconf 90' lang='lat' dir='ltr'><strong><em>r</em></strong></span> <span class='ocrx_word' id='word_1_194' title='bbox 93 2242 185 2283; x_wconf 85' lang='lat' dir='ltr'><strong><em>retum</em></strong></span> <span class='ocrx_word' id='word_1_195' title='bbox 212 2229 426 2299; x_wconf 67' lang='lat' dir='ltr'><strong><em>neglegentium</em></strong></span> <span class='ocrx_word' id='word_1_196' title='bbox 454 2229 576 2297; x_wconf 87' lang='lat' dir='ltr'><strong><em>impune</em></strong></span> <span class='ocrx_word' id='word_1_197' title='bbox 608 2237 731 2297; x_wconf 74' lang='lat' dir='ltr'><strong><em>grauata</em></strong></span> <span class='ocrx_word' id='word_1_198' title='bbox 759 2234 802 2281; x_wconf 82' lang='lat' dir='ltr'><strong><em>eet</em></strong></span> <span class='ocrx_word' id='word_1_199' title='bbox 829 2228 989 2284; x_wconf 71' lang='lat' dir='ltr'><strong><em>sciolorum</em></strong></span> 
     </span>
     <span class='ocr_line' id='line_1_31' title="bbox 57 2295 990 2353; baseline 0.002 -2"><span class='ocrx_word' id='word_1_200' title='bbox 57 2316 63 2351; x_wconf 90' lang='grc' dir='ltr'>ι</span> <span class='ocrx_word' id='word_1_201' title='bbox 85 2301 155 2353; x_wconf 72' lang='lat' dir='ltr'><strong><em>ecia.</em></strong></span> <span class='ocrx_word' id='word_1_202' title='bbox 191 2298 265 2351; x_wconf 84' lang='lat' dir='ltr'><strong><em>Cum</em></strong></span> <span class='ocrx_word' id='word_1_203' title='bbox 284 2298 365 2351; x_wconf 85' lang='lat' dir='ltr'><strong><em>euim</em></strong></span> <span class='ocrx_word' id='word_1_204' title='bbox 388 2300 513 2350; x_wconf 81' lang='lat' dir='ltr'><strong><em>Venetae</em></strong></span> <span class='ocrx_word' id='word_1_205' title='bbox 536 2305 565 2348; x_wconf 84' lang='lat' dir='ltr'><strong><em>et</em></strong></span> <span class='ocrx_word' id='word_1_206' title='bbox 588 2295 779 2352; x_wconf 82' lang='lat' dir='ltr'><strong><em>Lorcberieuu</em></strong></span> <span class='ocrx_word' id='word_1_207' title='bbox 801 2297 892 2351; x_wconf 83' lang='lat' dir='ltr'><strong><em>editio</em></strong></span> <span class='ocrx_word' id='word_1_208' title='bbox 910 2310 990 2353; x_wconf 84' lang='lat' dir='ltr'><strong><em>recte</em></strong></span> 
     </span>
    </p>
   </div>
   <div class='ocr_carea' id='block_1_3' title="bbox 57 2368 670 2485">
    <p class='ocr_par' dir='ltr' id='par_1_10' title="bbox 57 2368 670 2485">
     <span class='ocr_line' id='line_1_32' title="bbox 57 2368 259 2423; baseline -0.02 0"><span class='ocrx_word' id='word_1_209' title='bbox 57 2368 193 2423; x_wconf 72' lang='lat' dir='ltr'><strong><em>ibuiesent</em></strong></span> <span class='ocrx_word' id='word_1_210' title='bbox 209 2384 259 2419; x_wconf 86' lang='lat' dir='ltr'><strong><em>ve:</em></strong></span> 
     </span>
     <span class='ocr_line' id='line_1_33' title="bbox 448 2428 670 2485; baseline -0.023 0"><span class='ocrx_word' id='word_1_211' title='bbox 448 2443 478 2485; x_wconf 86' lang='lat' dir='ltr'><strong><em>ut</em></strong></span> <span class='ocrx_word' id='word_1_212' title='bbox 495 2428 564 2481; x_wconf 85' lang='lat' dir='ltr'><strong><em>solet</em></strong></span> <span class='ocrx_word' id='word_1_213' title='bbox 577 2432 608 2482; x_wconf 88' lang='lat' dir='ltr'><strong><em>in</em></strong></span> <span class='ocrx_word' id='word_1_214' title='bbox 624 2448 670 2481; x_wconf 88' lang='lat' dir='ltr'><strong><em>cor</em></strong></span> 
     </span>
    </p>
   </div>
   <div class='ocr_carea' id='block_1_4' title="bbox 57 2498 1020 3663">
    <p class='ocr_par' dir='ltr' id='par_1_11' title="bbox 101 2498 727 2565">
     <span class='ocr_line' id='line_1_34' title="bbox 101 2498 727 2565; baseline -0.011 -12"><span class='ocrx_word' id='word_1_215' title='bbox 101 2503 227 2555; x_wconf 77' lang='lat' dir='ltr'><strong><em>Troieoto</em></strong></span> <span class='ocrx_word' id='word_1_216' title='bbox 246 2502 339 2553; x_wconf 79' lang='lat' dir='ltr'><strong><em>lateris</em></strong></span> <span class='ocrx_word' id='word_1_217' title='bbox 356 2500 448 2551; x_wconf 88' lang='lat' dir='ltr'><strong><em>miseri</em></strong></span> <span class='ocrx_word' id='word_1_218' title='bbox 467 2500 596 2565; x_wconf 77' lang='lat' dir='ltr'><strong><em>capitisve</em></strong></span> <span class='ocrx_word' id='word_1_219' title='bbox 616 2498 727 2549; x_wconf 81' lang='lat' dir='ltr'><strong><em>dolore:</em></strong></span> 
     </span>
    </p>

    <p class='ocr_par' dir='ltr' id='par_1_12' title="bbox 57 2566 1020 3321">
     <span class='ocr_line' id='line_1_35' title="bbox 57 2566 990 2640; baseline -0.009 -13"><span class='ocrx_word' id='word_1_220' title='bbox 57 2574 127 2627; x_wconf 67' lang='lat' dir='ltr'><strong><em>necin</em></strong></span> <span class='ocrx_word' id='word_1_221' title='bbox 145 2573 288 2640; x_wconf 81' lang='lat' dir='ltr'><strong><em>quomodo</em></strong></span> <span class='ocrx_word' id='word_1_222' title='bbox 313 2570 373 2622; x_wconf 84' lang='lat' dir='ltr'><strong><em>iem</em></strong></span> <span class='ocrx_word' id='word_1_223' title='bbox 398 2585 449 2639; x_wconf 87' lang='lat' dir='ltr'><strong><em>per</em></strong></span> <span class='ocrx_word' id='word_1_224' title='bbox 472 2566 619 2619; x_wconf 71' lang='lat' dir='ltr'><strong><em>soeculum</em></strong></span> <span class='ocrx_word' id='word_1_225' title='bbox 643 2575 672 2618; x_wconf 84' lang='lat' dir='ltr'><strong><em>et</em></strong></span> <span class='ocrx_word' id='word_1_226' title='bbox 694 2566 819 2634; x_wconf 84' lang='lat' dir='ltr'><strong><em>empliue</em></strong></span> <span class='ocrx_word' id='word_1_227' title='bbox 842 2566 917 2620; x_wconf 81' lang='lat' dir='ltr'><strong><em>illurl</em></strong></span> <span class='ocrx_word' id='word_1_228' title='bbox 940 2587 990 2638; x_wconf 79' lang='lat' dir='ltr'><strong><em>que</em></strong></span> 
     </span>
     <span class='ocr_line' id='line_1_36' title="bbox 80 2632 991 2704; baseline -0.002 -12"><span class='ocrx_word' id='word_1_229' title='bbox 80 2641 189 2692; x_wconf 78' lang='lat' dir='ltr'><strong><em>excusis</em></strong></span> <span class='ocrx_word' id='word_1_230' title='bbox 206 2640 340 2693; x_wconf 71' lang='lat' dir='ltr'><strong><em>omnibus</em></strong></span> <span class='ocrx_word' id='word_1_231' title='bbox 362 2636 458 2689; x_wconf 88' lang='lat' dir='ltr'><strong><em>locum</em></strong></span> <span class='ocrx_word' id='word_1_232' title='bbox 477 2632 611 2688; x_wconf 88' lang='lat' dir='ltr'><strong><em>obtinuit.</em></strong></span> <span class='ocrx_word' id='word_1_233' title='bbox 646 2634 734 2704; x_wconf 80' lang='lat' dir='ltr'><strong><em>Atqui</em></strong></span> <span class='ocrx_word' id='word_1_234' title='bbox 757 2651 816 2687; x_wconf 88' lang='lat' dir='ltr'><strong><em>non</em></strong></span> <span class='ocrx_word' id='word_1_235' title='bbox 833 2636 909 2687; x_wconf 88' lang='lat' dir='ltr'><strong><em>illud</em></strong></span> <span class='ocrx_word' id='word_1_236' title='bbox 929 2636 991 2690; x_wconf 83' lang='lat' dir='ltr'><strong><em>vult</em></strong></span> 
     </span>
     <span class='ocr_line' id='line_1_37' title="bbox 57 2702 989 2774; baseline -0.004 -13"><span class='ocrx_word' id='word_1_237' title='bbox 57 2708 174 2774; x_wconf 78' lang='lat' dir='ltr'><strong><em>oratioe,</em></strong></span> <span class='ocrx_word' id='word_1_238' title='bbox 196 2706 319 2759; x_wconf 75' lang='lat' dir='ltr'><strong><em>erindem</em></strong></span> <span class='ocrx_word' id='word_1_239' title='bbox 338 2706 487 2757; x_wconf 86' lang='lat' dir='ltr'><strong><em>bominem</em></strong></span> <span class='ocrx_word' id='word_1_240' title='bbox 507 2713 535 2755; x_wconf 86' lang='lat' dir='ltr'><strong><em>et</em></strong></span> <span class='ocrx_word' id='word_1_241' title='bbox 552 2702 642 2755; x_wconf 83' lang='lat' dir='ltr'><strong><em>latere</em></strong></span> <span class='ocrx_word' id='word_1_242' title='bbox 659 2710 688 2753; x_wconf 89' lang='lat' dir='ltr'><strong><em>et</em></strong></span> <span class='ocrx_word' id='word_1_243' title='bbox 705 2704 801 2773; x_wconf 75' lang='lat' dir='ltr'><strong><em>cupite</em></strong></span> <span class='ocrx_word' id='word_1_244' title='bbox 818 2703 931 2773; x_wconf 82' lang='lat' dir='ltr'><strong><em>dolere,</em></strong></span> <span class='ocrx_word' id='word_1_245' title='bbox 950 2716 989 2757; x_wconf 82' lang='lat' dir='ltr'><strong><em>et·</em></strong></span> 
     </span>
     <span class='ocr_line' id='line_1_38' title="bbox 58 2771 990 2848; baseline -0.004 -17"><span class='ocrx_word' id='word_1_246' title='bbox 58 2796 86 2831; x_wconf 78' lang='lat' dir='ltr'><strong><em>re</em></strong></span> <span class='ocrx_word' id='word_1_247' title='bbox 103 2788 258 2848; x_wconf 87' lang='lat' dir='ltr'><strong><em>utrumque</em></strong></span> <span class='ocrx_word' id='word_1_248' title='bbox 275 2774 402 2828; x_wconf 85' lang='lat' dir='ltr'><strong><em>dolorem</em></strong></span> <span class='ocrx_word' id='word_1_249' title='bbox 422 2774 453 2826; x_wconf 88' lang='lat' dir='ltr'><strong><em>in</em></strong></span> <span class='ocrx_word' id='word_1_250' title='bbox 473 2788 525 2825; x_wconf 88' lang='lat' dir='ltr'><strong><em>cor</em></strong></span> <span class='ocrx_word' id='word_1_251' title='bbox 542 2787 598 2824; x_wconf 81' lang='lat' dir='ltr'><strong><em>une</em></strong></span> <span class='ocrx_word' id='word_1_252' title='bbox 615 2771 722 2823; x_wconf 73' lang='lat' dir='ltr'><strong><em>traiici.</em></strong></span> <span class='ocrx_word' id='word_1_253' title='bbox 758 2772 831 2825; x_wconf 85' lang='lat' dir='ltr'><strong><em>Nem</em></strong></span> <span class='ocrx_word' id='word_1_254' title='bbox 855 2788 889 2825; x_wconf 82' lang='lat' dir='ltr'><strong><em>ox</em></strong></span> <span class='ocrx_word' id='word_1_255' title='bbox 901 2786 990 2827; x_wconf 85' lang='lat' dir='ltr'><strong><em>&#39;com-</em></strong></span> 
     </span>
     <span class='ocr_line' id='line_1_39' title="bbox 58 2839 990 2911; baseline -0.004 -12"><span class='ocrx_word' id='word_1_256' title='bbox 58 2844 195 2911; x_wconf 76' lang='lat' dir='ltr'><strong><em>eretione,</em></strong></span> <span class='ocrx_word' id='word_1_257' title='bbox 227 2848 262 2897; x_wconf 82' lang='lat' dir='ltr'><strong><em>Ei</em></strong></span> <span class='ocrx_word' id='word_1_258' title='bbox 280 2846 363 2895; x_wconf 83' lang='lat' dir='ltr'><strong><em>miror</em></strong></span> <span class='ocrx_word' id='word_1_259' title='bbox 380 2842 465 2895; x_wconf 82' lang='lat' dir='ltr'><strong><em>morbi</em></strong></span> <span class='ocrx_word' id='word_1_260' title='bbox 480 2854 625 2909; x_wconf 82' lang='lat' dir='ltr'><strong><em>purgatum</em></strong></span> <span class='ocrx_word' id='word_1_261' title='bbox 645 2852 670 2890; x_wconf 88' lang='lat' dir='ltr'><strong><em>re</em></strong></span> <span class='ocrx_word' id='word_1_262' title='bbox 687 2839 781 2904; x_wconf 86' lang='lat' dir='ltr'><strong><em>illius,</em></strong></span> <span class='ocrx_word' id='word_1_263' title='bbox 813 2839 848 2891; x_wconf 85' lang='lat' dir='ltr'><strong><em>de</em></strong></span> <span class='ocrx_word' id='word_1_264' title='bbox 864 2856 924 2894; x_wconf 83' lang='lat' dir='ltr'><strong><em>uno</em></strong></span> <span class='ocrx_word' id='word_1_265' title='bbox 941 2842 990 2895; x_wconf 89' lang='lat' dir='ltr'><strong><em>hic</em></strong></span> 
     </span>
     <span class='ocr_line' id='line_1_40' title="bbox 62 2908 991 3029; baseline -0.003 -63"><span class='ocrx_word' id='word_1_266' title='bbox 62 2916 142 2979; x_wconf 82' lang='lat' dir='ltr'><strong><em>orbo,</em></strong></span> <span class='ocrx_word' id='word_1_267' title='bbox 161 2932 219 2966; x_wconf 91' lang='lat' dir='ltr'><strong><em>non</em></strong></span> <span class='ocrx_word' id='word_1_268' title='bbox 240 2912 276 2964; x_wconf 87' lang='lat' dir='ltr'><strong><em>de</em></strong></span> <span class='ocrx_word' id='word_1_269' title='bbox 295 2910 426 2981; x_wconf 72' lang='lat' dir='ltr'><strong><em>pluribus</em></strong></span> <span class='ocrx_word' id='word_1_270' title='bbox 445 2912 493 2991; x_wconf 68' lang='lat' dir='ltr'><strong><em>egi</em></strong></span> <span class='ocrx_word' id='word_1_271' title='bbox 510 2910 696 2962; x_wconf 78' lang='lat' dir='ltr'><strong><em>menifestum</em></strong></span> <span class='ocrx_word' id='word_1_272' title='bbox 715 2917 774 2987; x_wconf 32' lang='lat' dir='ltr'><strong><em>eet..</em></strong></span> <span class='ocrx_word' id='word_1_273' title='bbox 792 2908 868 3029; x_wconf 70' lang='lat' dir='ltr'><strong><em>Erpa</em></strong></span> <span class='ocrx_word' id='word_1_274' title='bbox 885 2928 918 2961; x_wconf 88' lang='lat' dir='ltr'><strong><em>ve</em></strong></span> <span class='ocrx_word' id='word_1_275' title='bbox 935 2910 991 2963; x_wconf 87' lang='lat' dir='ltr'><strong><em>buo</em></strong></span> 
     </span>
     <span class='ocr_line' id='line_1_41' title="bbox 58 2975 1020 3045; baseline -0.001 -11"><span class='ocrx_word' id='word_1_276' title='bbox 58 2983 257 3045; x_wconf 73' lang='lat' dir='ltr'><strong><em>etituendum3</em></strong></span> <span class='ocrx_word' id='word_1_277' title='bbox 277 2982 308 3031; x_wconf 88' lang='lat' dir='ltr'><strong><em>iu</em></strong></span> <span class='ocrx_word' id='word_1_278' title='bbox 327 2979 384 3033; x_wconf 84' lang='lat' dir='ltr'><strong><em>elio</em></strong></span> <span class='ocrx_word' id='word_1_279' title='bbox 404 2978 517 3032; x_wconf 82' lang='lat' dir='ltr'><strong><em>roiliuet</em></strong></span> <span class='ocrx_word' id='word_1_280' title='bbox 534 2979 631 3044; x_wconf 80' lang='lat' dir='ltr'><strong><em>capitis</em></strong></span> <span class='ocrx_word' id='word_1_281' title='bbox 649 2975 746 3041; x_wconf 88' lang='lat' dir='ltr'><strong><em>dolor,</em></strong></span> <span class='ocrx_word' id='word_1_282' title='bbox 765 2992 796 3027; x_wconf 84' lang='lat' dir='ltr'><strong><em>ur</em></strong></span> <span class='ocrx_word' id='word_1_283' title='bbox 815 2994 871 3029; x_wconf 83' lang='lat' dir='ltr'><strong><em>uro</em></strong></span> <span class='ocrx_word' id='word_1_284' title='bbox 889 2978 991 3043; x_wconf 80' lang='lat' dir='ltr'><strong><em>lateris,</em></strong></span> <span class='ocrx_word' id='word_1_285' title='bbox 1017 3021 1020 3033; x_wconf 94' lang='lat'><em>.</em></span> 
     </span>
     <span class='ocr_line' id='line_1_42' title="bbox 58 3042 991 3117; baseline -0.003 -13"><span class='ocrx_word' id='word_1_286' title='bbox 58 3074 62 3104; x_wconf 86' lang='grc' dir='ltr'>ι</span> <span class='ocrx_word' id='word_1_287' title='bbox 81 3069 128 3102; x_wconf 89' lang='lat' dir='ltr'><strong><em>cor</em></strong></span> <span class='ocrx_word' id='word_1_288' title='bbox 147 3049 243 3101; x_wconf 78' lang='lat' dir='ltr'><strong><em>traiici</em></strong></span> <span class='ocrx_word' id='word_1_289' title='bbox 261 3048 340 3101; x_wconf 85' lang='lat' dir='ltr'><strong><em>eolet.</em></strong></span> <span class='ocrx_word' id='word_1_290' title='bbox 373 3048 516 3099; x_wconf 78' lang='lat' dir='ltr'><strong><em>Vectium</em></strong></span> <span class='ocrx_word' id='word_1_291' title='bbox 534 3046 619 3098; x_wconf 86' lang='lat' dir='ltr'><strong><em>hebet</em></strong></span> <span class='ocrx_word' id='word_1_292' title='bbox 636 3042 811 3097; x_wconf 84' lang='lat' dir='ltr'><strong><em>Bettelienue</em></strong></span> <span class='ocrx_word' id='word_1_293' title='bbox 830 3054 859 3098; x_wconf 86' lang='lat' dir='ltr'><strong><em>et</em></strong></span> <span class='ocrx_word' id='word_1_294' title='bbox 876 3046 991 3117; x_wconf 72' lang='lat' dir='ltr'><strong><em>Regino,</em></strong></span> 
     </span>
     <span class='ocr_line' id='line_1_43' title="bbox 58 3112 994 3185; baseline -0.003 -12"><span class='ocrx_word' id='word_1_295' title='bbox 58 3138 98 3173; x_wconf 85' lang='lat' dir='ltr'><strong><em>uu</em></strong></span> <span class='ocrx_word' id='word_1_296' title='bbox 122 3136 181 3171; x_wconf 89' lang='lat' dir='ltr'><strong><em>uno</em></strong></span> <span class='ocrx_word' id='word_1_297' title='bbox 200 3114 384 3171; x_wconf 84' lang='lat' dir='ltr'><strong><em>Berrmonni:</em></strong></span> <span class='ocrx_word' id='word_1_298' title='bbox 412 3115 483 3185; x_wconf 86' lang='lat' dir='ltr'><strong><em>quin</em></strong></span> <span class='ocrx_word' id='word_1_299' title='bbox 504 3122 533 3165; x_wconf 88' lang='lat' dir='ltr'><strong><em>et</em></strong></span> <span class='ocrx_word' id='word_1_300' title='bbox 549 3112 721 3169; x_wconf 83' lang='lat' dir='ltr'><strong><em>Scholieeter</em></strong></span> <span class='ocrx_word' id='word_1_301' title='bbox 738 3116 832 3167; x_wconf 73' lang='lat' dir='ltr'><strong><em>Acron</em></strong></span> <span class='ocrx_word' id='word_1_302' title='bbox 849 3114 928 3170; x_wconf 81' lang='lat' dir='ltr'><strong><em>olere</em></strong></span> <span class='ocrx_word' id='word_1_303' title='bbox 945 3132 994 3185; x_wconf 75' lang='lat' dir='ltr'><strong><em>eg-</em></strong></span> 
     </span>
     <span class='ocr_line' id='line_1_44' title="bbox 58 3181 993 3253; baseline -0.004 -12"><span class='ocrx_word' id='word_1_304' title='bbox 58 3189 139 3251; x_wconf 80' lang='lat' dir='ltr'><strong><em>oecit;</em></strong></span> <span class='ocrx_word' id='word_1_305' title='bbox 170 3187 219 3238; x_wconf 89' lang='lat' dir='ltr'><strong><em>ubi</em></strong></span> <span class='ocrx_word' id='word_1_306' title='bbox 237 3185 278 3238; x_wconf 84' lang='lat' dir='ltr'><strong><em>ric</em></strong></span> <span class='ocrx_word' id='word_1_307' title='bbox 296 3185 395 3237; x_wconf 84' lang='lat' dir='ltr'><strong><em>locum</em></strong></span> <span class='ocrx_word' id='word_1_308' title='bbox 409 3191 539 3246; x_wconf 79' lang='lat' dir='ltr'><strong><em>euerret3</em></strong></span> <span class='ocrx_word' id='word_1_309' title='bbox 576 3182 633 3251; x_wconf 87' lang='lat' dir='ltr'><strong><em>Qui</em></strong></span> <span class='ocrx_word' id='word_1_310' title='bbox 656 3181 750 3235; x_wconf 81' lang='lat' dir='ltr'><strong><em>luteris</em></strong></span> <span class='ocrx_word' id='word_1_311' title='bbox 767 3192 817 3235; x_wconf 84' lang='lat' dir='ltr'><strong><em>eut</em></strong></span> <span class='ocrx_word' id='word_1_312' title='bbox 834 3184 931 3253; x_wconf 82' lang='lat' dir='ltr'><strong><em>cupitis</em></strong></span> <span class='ocrx_word' id='word_1_313' title='bbox 947 3186 993 3237; x_wconf 78' lang='lat' dir='ltr'><strong><em>do-</em></strong></span> 
     </span>
     <span class='ocr_line' id='line_1_45' title="bbox 61 3256 312 3321; baseline -0.016 -14"><span class='ocrx_word' id='word_1_314' title='bbox 61 3276 90 3307; x_wconf 91' lang='lat' dir='ltr'><strong><em>re</em></strong></span> <span class='ocrx_word' id='word_1_315' title='bbox 110 3256 226 3321; x_wconf 82' lang='lat' dir='ltr'><strong><em>correpti</em></strong></span> <span class='ocrx_word' id='word_1_316' title='bbox 242 3267 312 3304; x_wconf 84' lang='lat' dir='ltr'><strong><em>runt.</em></strong></span> 
     </span>
    </p>

    <p class='ocr_par' dir='ltr' id='par_1_13' title="bbox 58 3316 997 3663">
     <span class='ocr_line' id='line_1_46' title="bbox 66 3316 994 3395; baseline -0.001 -21"><span class='ocrx_word' id='word_1_317' title='bbox 66 3341 109 3395; x_wconf 76' lang='lat'><strong><em>30.</em></strong></span> <span class='ocrx_word' id='word_1_318' title='bbox 132 3326 231 3387; x_wconf 83' lang='lat' dir='ltr'><strong><em>Pudor,</em></strong></span> <span class='ocrx_word' id='word_1_319' title='bbox 251 3322 353 3389; x_wconf 71' lang='lat' dir='ltr'><strong><em>inquit,</em></strong></span> <span class='ocrx_word' id='word_1_320' title='bbox 373 3330 398 3368; x_wconf 84' lang='lat' dir='ltr'><strong><em>te</em></strong></span> <span class='ocrx_word' id='word_1_321' title='bbox 417 3317 504 3369; x_wconf 81' lang='lat' dir='ltr'><strong><em>malus</em></strong></span> <span class='ocrx_word' id='word_1_322' title='bbox 520 3318 610 3387; x_wconf 75' lang='lat' dir='ltr'><strong><em>urget]</em></strong></span> <span class='ocrx_word' id='word_1_323' title='bbox 647 3316 820 3371; x_wconf 77' lang='lat' dir='ltr'><strong><em>Reducentlu</em></strong></span> <span class='ocrx_word' id='word_1_324' title='bbox 843 3328 885 3375; x_wconf 78' lang='lat' dir='ltr'><strong><em>eet</em></strong></span> <span class='ocrx_word' id='word_1_325' title='bbox 910 3318 994 3375; x_wconf 75' lang='lat' dir='ltr'><strong><em>Bion·</em></strong></span> 
     </span>
     <span class='ocr_line' id='line_1_47' title="bbox 58 3384 995 3457; baseline -0.002 -12"><span class='ocrx_word' id='word_1_326' title='bbox 58 3395 181 3445; x_wconf 73' lang='lat' dir='ltr'><strong><em>liliorum</em></strong></span> <span class='ocrx_word' id='word_1_327' title='bbox 198 3388 333 3442; x_wconf 84' lang='lat' dir='ltr'><strong><em>codicum</em></strong></span> <span class='ocrx_word' id='word_1_328' title='bbox 351 3384 449 3452; x_wconf 82' lang='lat' dir='ltr'><strong><em>lectio,</em></strong></span> <span class='ocrx_word' id='word_1_329' title='bbox 478 3388 572 3453; x_wconf 75' lang='lat' dir='ltr'><strong><em>ungit,</em></strong></span> <span class='ocrx_word' id='word_1_330' title='bbox 601 3402 687 3457; x_wconf 88' lang='lat' dir='ltr'><strong><em>quem</em></strong></span> <span class='ocrx_word' id='word_1_331' title='bbox 705 3386 888 3452; x_wconf 72' lang='lat' dir='ltr'><strong><em>Torrentius,</em></strong></span> <span class='ocrx_word' id='word_1_332' title='bbox 915 3390 995 3443; x_wconf 84' lang='lat' dir='ltr'><strong><em>Bere·</em></strong></span> 
     </span>
     <span class='ocr_line' id='line_1_48' title="bbox 58 3453 997 3526; baseline -0.004 -13"><span class='ocrx_word' id='word_1_333' title='bbox 58 3476 170 3526; x_wconf 68' lang='lat' dir='ltr'><strong><em>nonnus,</em></strong></span> <span class='ocrx_word' id='word_1_334' title='bbox 207 3457 384 3511; x_wconf 79' lang='lat' dir='ltr'><strong><em>Pulmonnue</em></strong></span> <span class='ocrx_word' id='word_1_335' title='bbox 403 3454 434 3505; x_wconf 89' lang='lat' dir='ltr'><strong><em>in</em></strong></span> <span class='ocrx_word' id='word_1_336' title='bbox 453 3454 649 3525; x_wconf 80' lang='lat' dir='ltr'><strong><em>compluribue</em></strong></span> <span class='ocrx_word' id='word_1_337' title='bbox 665 3453 722 3507; x_wconf 78' lang='lat' dir='ltr'><strong><em>ruis</em></strong></span> <span class='ocrx_word' id='word_1_338' title='bbox 739 3454 920 3511; x_wconf 78' lang='lat' dir='ltr'><strong><em>invenerunt.</em></strong></span> <span class='ocrx_word' id='word_1_339' title='bbox 956 3458 997 3510; x_wconf 78' lang='lat' dir='ltr'><strong><em>Er</em></strong></span> 
     </span>
     <span class='ocr_line' id='line_1_49' title="bbox 58 3520 997 3597; baseline -0.001 -17"><span class='ocrx_word' id='word_1_340' title='bbox 58 3529 139 3581; x_wconf 77' lang='lat' dir='ltr'><strong><em>notris</em></strong></span> <span class='ocrx_word' id='word_1_341' title='bbox 157 3527 233 3579; x_wconf 82' lang='lat' dir='ltr'><strong><em>solue</em></strong></span> <span class='ocrx_word' id='word_1_342' title='bbox 252 3527 338 3579; x_wconf 86' lang='lat' dir='ltr'><strong><em>hebet</em></strong></span> <span class='ocrx_word' id='word_1_343' title='bbox 355 3520 541 3577; x_wconf 77' lang='lat' dir='ltr'><strong><em>bettelienue.</em></strong></span> <span class='ocrx_word' id='word_1_344' title='bbox 573 3522 682 3577; x_wconf 72' lang='lat' dir='ltr'><strong><em>Similis</em></strong></span> <span class='ocrx_word' id='word_1_345' title='bbox 698 3522 885 3579; x_wconf 74' lang='lat' dir='ltr'><strong><em>librariorum</em></strong></span> <span class='ocrx_word' id='word_1_346' title='bbox 903 3526 997 3597; x_wconf 84' lang='lat' dir='ltr'><strong><em>lepeuo</em></strong></span> 
     </span>
     <span class='ocr_line' id='line_1_50' title="bbox 58 3592 687 3663; baseline -0.006 -15"><span class='ocrx_word' id='word_1_347' title='bbox 58 3598 106 3649; x_wconf 81' lang='lat' dir='ltr'><strong><em>libi</em></strong></span> <span class='ocrx_word' id='word_1_348' title='bbox 125 3597 268 3651; x_wconf 83' lang='lat' dir='ltr'><strong><em>occurrit:</em></strong></span> <span class='ocrx_word' id='word_1_349' title='bbox 288 3593 369 3647; x_wconf 85' lang='lat' dir='ltr'><strong><em>utin</em></strong></span> <span class='ocrx_word' id='word_1_350' title='bbox 387 3592 464 3661; x_wconf 69' lang='lat' dir='ltr'><strong><em>Virg.</em></strong></span> <span class='ocrx_word' id='word_1_351' title='bbox 483 3596 555 3645; x_wconf 77' lang='lat' dir='ltr'><strong><em>Aen.</em></strong></span> <span class='ocrx_word' id='word_1_352' title='bbox 574 3594 623 3663; x_wconf 76' lang='lat' dir='ltr'><strong><em>lx,</em></strong></span> <span class='ocrx_word' id='word_1_353' title='bbox 636 3603 687 3663; x_wconf 61' lang='lat'><strong><em>39.</em></strong></span> 
     </span>
    </p>
   </div>
   <div class='ocr_carea' id='block_1_5' title="bbox 0 0 1134 3990">
    <p class='ocr_par' dir='ltr' id='par_1_14' title="bbox 0 0 1134 3990">
     <span class='ocr_line' id='line_1_51' title="bbox 0 0 1134 3990; baseline 0 0"><span class='ocrx_word' id='word_1_354' title='bbox 0 0 1134 3990; x_wconf 95' lang='lat' dir='ltr'><strong><em> </em></strong></span> 
     </span>
    </p>
   </div>
  </div>
 </body>
</html>
