2250 3990
256 156 259 167 ·
334 87 544 198 cannino—u
576 152 652 201 art.
686 132 746 224 ut
957 147 1022 211 235

57 246 96 291 1·
107 246 138 289 nt
154 234 388 289 domi'maneatl
416 236 476 289 imo
494 254 579 307 vero,
600 250 721 305 properet
739 238 772 292 ut
787 238 832 293 ad'
843 258 892 296 ros
908 244 1022 310 veniam

57 314 80 357 t:
103 322 159 359 una
177 305 314 367 accubet,
339 313 433 377 potet,
461 306 566 358 festum
584 305 663 358 diem
680 305 819 378 celebret,
838 318 867 362 at
886 326 958 381 quae
976 330 1022 365 ce·

57 390 118 429 era
133 384 196 429 mot
213 374 384 427 meretricis.
420 374 498 444 Ergo
513 388 636 445 properet
655 375 798 449 absolute,
828 376 850 431 i.
870 395 895 433 e.
920 396 1022 453 prope-

57 454 105 497 ει
120 444 230 497 reniret
253 450 286 493 ut
303 443 398 496 Carra.
417 444 501 513 1⁷3⁰·
669 446 674 459 '

125 512 255 564 Feroidus
272 525 360 562 tecum
376 530 452 580 puer,
470 525 498 564 et
513 512 612 564 solutis

101 608 104 613 ·
122 582 235 632 Gratiae
251 582 336 646 coni-r,
357 590 568 657 properentque
587 579 752 651 Nymphae:

57 648 286 731 gipssaliipue
302 649 419 769 passim.
454 650 666 721 Quamobrem,
695 651 743 706 rel
756 651 860 709 ‘invitis
879 652 1022 733 exempla·

57 718 145 783 thur,
167 734 300 787 corrigen
322 734 381 785 urn,
423 722 426 731 '
835 734 838 739 ⁴

57 786 60 817 ²
125 788 221 839 Dicet
241 800 357 855 argutae
375 797 499 854 properet
517 784 653 853 Neaerae,
713 800 717 809 '
761 840 766 851 .

57 874 60 882 ·
117 854 268 916 ,Murreurn
286 856 356 905 nodo
374 856 526 911 cohibente
543 858 663 911 crinem:

57 920 179 979 tt-slibi
199 924 296 975 Carra.
315 924 353 991 Ii,
376 942 416 975 rt.
504 912 516 929 ‘
708 920 711 925 ’

74 1024 84 1032 -
125 992 239 1061 lyrica:
258 992 360 1042 eburna
377 990 424 1045 dic
447 1010 497 1060 age
514 1010 574 1043 cum
592 992 654 1063 lyra

57 1080 65 1107 s
159 1062 298 1125 Maturet,
318 1063 463 1118 incomtam
482 1062 606 1112 Lacenae

57 1164 66 1171 -
207 1129 288 1185 More
306 1146 410 1181 comam
426 1129 563 1183 redimita
579 1132 660 1184 nodo.

57 1190 165 1251 laneca
183 1198 270 1249 Herc.
289 1196 405 1249 Oetaeo.
427 1211 501 1267 1545.

118 1268 163 1325 ,Et
180 1281 277 1317 cernas
294 1254 370 1317 nullo
389 1266 545 1319 cohibente
561 1266 648 1332 nodo,

128 1334 244 1387 Femina
261 1348 364 1385 taetros
373 1334 463 1401 feriat
480 1336 603 1387 lacertos.

57 1396 197 1473 Properat
220 1403 280 1455 huc
305 1404 429 1469 Neaera,
465 1403 542 1457 nodo
567 1402 705 1455 duntaxat
726 1398 878 1463 cohibente
903 1405 1024 1479 crinepn,

57 1464 127 1525 rire
153 1470 250 1525 audio
277 1471 442 1525 festinandi.
465 1471 651 1525 tunsone
680 1472 750 1525 haec
778 1470 940 1525 emendatio
969 1483 1025 1528 est:

57 1526 156 1595 lucilia
173 1550 271 1593 autem
288 1540 497 1607 Librariorunr,
508 1540 603 1611 lapsus
619 1557 637 1611 a
654 1538 803 1611 cohibente
816 1542 853 1603 ad
871 1540 1009 1594 eotttere.

332 1614 408 1708 XV.
479 1660 532 1705 ro
564 1626 750 1710 enecant.

87 1764 118 1819 5.
141 1748 316 1817 Famosisque
335 1744 482 1815 laboribus]
517 1744 612 1817 Forte,
634 1746 791 1811 uctoritas,
811 1746 843 1809 in
884 1747 908 1800 it
924 1746 1030 1803 Daniel

57 1808 214 1871 Heinsius:
237 1817 331 1884 credo,
351 1816 419 1887 quia
436 1812 611 1868 meminerat
628 1814 705 1870 illud
715 1814 818 1883 parm.
835 1816 849 1867 1
872 1824 926 1887 39.
1030 1804 1043 1833 '¹

166 1888 259 1953 Spirae
274 1884 362 1935 adlrua'
383 1900 468 1948 amar,
678 1906 681 1911 ·

136 1954 287 2035 Vivuntque
307 1954 443 2004 commissi
460 1950 571 2005 calores

167 2023 279 2073 Aeoliae
288 2022 396 2091 fidibus
409 2021 525 2089 puellae.
714 2060 718 2069 .

57 2090 118 2147 ese
134 2090 259 2145 frustra:
286 2100 318 2143 ut
341 2086 403 2141 fe‘ro
426 2088 523 2143 omnia
548 2105 621 2159 quaa
646 2090 679 2142 in
702 2088 823 2143 Horatio
849 2094 967 2143 conatus
991 2097 1033 2143 est

57 2162 108 2213 vir
126 2168 224 2211 cetera
243 2160 409 2228 ingeniosus
427 2167 455 2210 et
472 2158 583 2212 doctus.
618 2158 746 2225 Labores,
764 2169 796 2211 ut
813 2157 863 2211 hic
879 2175 978 2213 omues
996 2158 1031 2212 li-

57 2226 109 2283 bri
127 2228 307 2301 praeierunt,
326 2226 404 2279 idem
423 2229 499 2299 qnod
521 2245 640 2292 amores,·
657 2236 689 2280 ut
706 2228 803 2283 Germ·
821 2228 843 2298 I,
865 2245 905 2298 η.

133 2298 219 2348 Dices
236 2296 398 2348 laborantes
416 2296 446 2345 in
462 2313 515 2345 uno
650 2298 654 2305 '

173 2366 325 2432 Penelopen
343 2364 505 2433 vitreamque
524 2365 629 2416 Circen.

60 2442 95 2491 et
112 2435 139 2504 1,
158 2450 211 2505 ap·x

138 2502 252 2571 Quanta
269 2499 382 2554 laboras
400 2502 431 2551 in
450 2500 598 2567 Charybdi,

173 2572 266 2637 Digne
281 2588 347 2637 puer
365 2569 472 2620 rneliore
484 2570 613 2635 flamma.
1015 2624 1019 2631 ¹

100 2658 129 2711 9.
146 2641 297 2706 Expugnat
316 2641 441 2688 iuvenum
459 2638 561 2705 domos]
597 2630 793 2711 vigorniensis
810 2643 920 2702 noster,
940 2641 1037 2704 expun-

87 2724 134 2761 at:
165 2706 216 2759 sed
233 2708 282 2759 hic
301 2707 482 2759 dormitantis
499 2705 680 2777 exscriptoris
697 2717 738 2759 est
758 2707 859 2776 lapsus.
903 2704 1039 2757 Ceterum

65 2728 246 2841 lamneus,
283 2776 467 2843 Torrentius,
502 2775 610 2845 aliique
633 2776 755 2844 figurate
777 2776 849 2825 hacc
874 2774 1037 2845 accipiunt;

66 2864 129 2899 non
148 2844 231 2915 qnasi
249 2860 348 2896 revera
367 2856 499 2911 expugnet
515 2844 607 2895 domos
624 2852 653 2895 et
669 2844 746 2897 lares
764 2842 913 2911 effringat,
945 2851 976 2895 ut
993 2841 1040 2894 vel

67 2914 180 2967 invitos
204 2912 321 2965 iuvenes
345 2912 479 2983 diripiat:
521 2912 569 2965 sed
597 2930 687 2963 amore
711 2914 755 2962 sui
780 2912 916 2963 subvertat
939 2912 1039 2963 laruas.

69 2982 126 3035 Sed
145 2998 284 3051 quorsum
301 2980 384 3049 illud,
406 2980 483 3051 quod
499 2978 595 3034 stitim
614 2980 764 3051 sequitur?

144 3054 294 3117 Repugnat
311 3053 437 3103 inormem
455 3051 555 3115 domos,

181 3120 264 3169 Pulso
286 3119 392 3187 Tlryias
409 3120 449 3170 uti
468 3120 575 3169 concita
592 3128 730 3196 tympano.
1015 3154 1020 3167 .

72 3187 154 3261 Quid
173 3188 272 3239 enim?
290 3205 325 3239 an
345 3188 474 3240 Bacchae
490 3188 581 3239 instar
597 3187 704 3238 furiosa
721 3185 858 3238 meretrix
871 3202 900 3239 rn
937 3184 961 3237 is
978 3183 1045 3237 illa·

73 3265 163 3329 queat
188 3255 404 3325 adolescentum.
424 3258 549 3324 animos,
587 3271 672 3325 quarn
698 3262 810 3308 versuta
833 3262 862 3307 et
888 3272 922 3307 ca
945 3254 994 3306 ida
1017 3261 1047 3305 et

73 3324 228 3379 inescandi
254 3325 377 3377 artilex?
423 3326 518 3394 Quare
546 3334 624 3375 recte
651 3322 817 3391 neoterius,
853 3324 904 3392 qui
928 3322 1048 3393 proprie

74 3398 150 3449 haec
176 3393 299 3462 accipit,
332 3393 404 3447 adeo
428 3402 461 3445 nt
485 3392 593 3445 Pholoe
617 3392 670 3443 illa
695 3393 822 3453 tectibus
842 3389 1051 3463 expugnaverit

76 3465 165 3519 aedes
192 3471 363 3517 arrratornrn.
407 3460 463 3513 Sed
481 3462 595 3515 nullum
634 3460 724 3513 refert
742 3460 903 3528 auctorem,
936 3460 987 3528 qui
1015 3457 1077 3509 de'

77 3531 201 3589 ferninis
227 3530 285 3583 tale
308 3532 378 3601 quid
405 3539 520 3599 narret,
544 3480 632 3601 ‚quod
650 3530 746 3603 potius
770 3530 986 3584 adoleseentum
1011 3533 1053 3578 est
