2250 3990
119 116 184 183 312
404 134 436 188 o.
468 130 628 174 aarum
661 128 810 195 irritcct¹

351 224 441 295 VIII.
504 246 556 291 aa
584 243 848 291 consonatum.

112 322 119 339 '
157 336 184 389 9.
202 313 268 369 Non
284 316 334 368 tibi
350 313 457 383 tatium]
491 312 661 367 Blandiniue
678 312 891 382 antiquireimur
909 328 980 367 cum
996 314 1076 367 Gree-

124 385 210 440 riano
230 393 340 451 nostro,
368 383 539 452 Reginenri,
569 390 597 433 et
613 379 779 433 melioribus
796 380 877 447 aliie,
907 400 967 433 nec.
1002 382 1076 453 Quod

125 456 178 508 etei
195 454 258 506 leve
275 462 324 519 eet,
344 469 403 503 uon
423 452 488 504 ideo
506 460 602 506 tamen
621 448 841 519 neglegendum.

161 537 201 578 12.
230 523 348 572 Pretium
367 522 454 571 dicere
473 519 587 587 muneri]
625 518 723 571 Editio
742 519 847 568 Veneta
867 519 989 583 muneri,
1015 519 1091 584 Gen,

124 593 239 645 manica
255 589 392 641 Loecheri
411 590 535 640 muneris.
573 587 643 638 lude
666 586 698 636 in
721 602 750 637 ee
771 584 904 637 uentibus
929 604 984 657 pro
1007 588 1077 639 ratio

124 660 317 728 interpretum
333 656 442 709 iudicio
459 672 535 708 nuno
554 656 624 719 hoo,
645 670 722 705 nuno
741 604 817 707 illua
840 654 970 707 obtinuit
995 664 1022 707 et
1038 654 1078 708 ed·

125 727 184 781 huc
201 728 319 778 obtinet.
354 725 409 778 Sed
427 724 556 790 melioris
575 732 657 775 uotae
676 721 809 789 Codices,
839 722 872 773 in
898 722 1004 793 quihus
1022 723 1077 775 Lei·

124 795 220 849 deueis
245 804 339 847 noster
363 803 392 844 et
415 793 591 845 Graevianuo
616 807 684 842 cum
707 789 778 842 aliia
798 790 919 851 muneri,·
948 800 1032 861 etque
1052 789 1078 843 id

126 864 189 915 eine
206 863 294 915 dubio
311 863 425 914 rectius·
468 862 587 912 Pretium
610 861 697 911 dicere
721 860 839 925 muneri,
867 858 889 910 i.
911 875 938 911 e.
961 872 1079 926 statuere,

122 946 232 1001 ponere.
268 932 383 983 Terent.
402 929 515 998 Prolog.
534 930 669 996 Hecyrae.

197 1002 227 1051 Si
243 1017 387 1066 antoanam
404 1016 484 1048 auare
501 998 626 1066 pretinm
643 995 727 1048 statui
747 994 802 1047 arti
820 1011 903 1046 meae.

127 1067 236 1120 Seneca
254 1068 342 1136 Epist.
360 1077 402 1134 87.
439 1067 507 1133 Quis
522 1067 600 1133 pleno
618 1063 729 1117 sacculo
749 1065 833 1113 ulium
870 1063 979 1115 retium
996 1064 1077 1133 pouit,

127 1137 184 1186 nisi
201 1136 270 1204 qnod
286 1138 414 1201 pecitniae
433 1136 463 1184 in
486 1152 515 1185 eo
541 1134 662 1185 conditae
685 1150 810 1183 numerus
832 1082 946 1200 eiecit?
982 1131 1028 1183 sic
1043 1134 1078 1183 di·

127 1221 188 1254 aere
206 1204 289 1255 alicui
305 1204 384 1265 diem,
401 1220 506 1266 nomen,
525 1203 651 1252 mulctam
668 1210 722 1251 eto.
1009 1219 1013 1228 ·

165 1270 431 1341 17.Nonincendia
451 1269 634 1337 Carthaginis]
670 1268 798 1321 Omnino
820 1276 949 1319 meretur
973 1266 1022 1319 hio
1042 1267 1078 1319 lo-

128 1354 194 1404 cus,
215 1337 260 1390 vel
278 1339 366 1407 ipsius
384 1340 496 1391 Horatii
514 1355 611 1403 cause,
633 1338 715 1389 cuiue
734 1338 825 1389 honor
841 1335 1022 1391 ct·doctrina
1034 1333 1077 1389 hic

126 1407 251 1461 maxime
269 1406 478 1477 periclitantur,
498 1407 653 1477 diligenter
670 1406 806 1476 expendi:

334 1526 337 1532 .
480 1476 545 1526 Non
565 1476 662 1525 celeres
670 1476 760 1541 fugae
788 1495 791 1502 ·

197 1544 375 1615 Reiectaequt
396 1558 539 1597 retrorsum
557 1544 719 1594 Hannibalis
738 1543 851 1609 atinate

196 1612 266 1665 Non
281 1616 404 1666 incendia
424 1613 598 1679 Carthaginis
615 1615 718 1677 impiae,

197 1682 268 1733 Eius
283 1687 330 1752 qui
346 1685 447 1733 domita
464 1700 558 1733 nomen
575 1681 608 1730 alr
628 1680 720 1747 elfrico

197 1749 334 1810 Lucratur
349 1752 437 1814 rediit,
455 1751 557 1801 clarius
572 1750 692 1800 indicant

198 1817 314 1884 Laudes,
335 1839 413 1887 quant
430 1819 561 1870 Calabrae
579 1818 707 1868 Pierides.

127 1886 188 1952 ubi,
210 1897 241 1938 ut
257 1889 344 1940 hodie
361 1886 477 1957 quidem
494 1887 627 1937 exhibent
644 1900 741 1937 omnes
757 1882 864 1953 ubique
881 1884 1013 1951 codices,
1032 1881 1079 1935 bn

128 1955 209 2006 clare
227 1956 347 2022 dicitur,
377 1956 443 2005 Non
460 1955 598 2005 Hannibal
616 1973 648 2003 ea
665 1952 891 2019 Italiasirgatus,
922 1968 948 2005 et
973 1967 1041 2005 retro
1057 1954 1080 2001 ia

131 2022 247 2088 Libyam
264 2024 369 2088 pulsus,
395 2038 449 2071 non
467 2021 601 2087 Carthago
625 2024 748 2084 incensa,
773 2022 873 2071 clarius
889 2023 1014 2073 indicant
1030 2022 1081 2071 lan·

130 2091 179 2139 eles
199 2090 330 2155 Scipionis
350 2088 486 2154 Asrioarii,
512 2107 590 2155 aream
607 2090 690 2139 Musa
710 2090 792 2139 Ennii
809 2089 936 2157 Calabri3
961 2092 1010 2157 qui
1024 2085 1081 2139 belli

128 2152 230 2207 Punici
254 2156 394 2206 historiam
421 2157 540 2206 versibus
568 2158 695 2207 condidit.
747 2160 779 2207 ln
807 2157 910 2224 quibua
939 2155 1082 2209 horribilis

128 2239 197 2275 rene
214 2222 401 2276 hallucinatio
420 2232 473 2288 eet,
495 2241 566 2293 quae
586 2227 632 2275 vin
651 2227 683 2276 in
701 2225 791 2275 ullum
810 2226 959 2277 bominem
978 2226 1014 2277 dc
1030 2238 1081 2276 me·

129 2291 180 2343 die
219 2292 280 2343 lebe
300 2292 400 2344 cadere
419 2292 520 2362 potuit.
553 2294 650 2344 Primo
669 2296 747 2345 enini
766 2292 933 2344 Hannibalis
942 2294 1041 2361 fugam
1058 2298 1082 2341 et

130 2308 308 2429 Cartiaginis
324 2362 474 2412 incendium
491 2360 543 2412 uni
561 2371 589 2412 et
606 2362 699 2413 eidem
719 2362 848 2429 Scipioni
868 2362 1013 2413 adscribit.
1039 2364 1081 2411 At·

130 2430 181 2498 qui
200 2429 392 2481 Hannibalem
415 2447 449 2480 ex
466 2429 550 2481 ltalia
572 2432 690 2481 retraxit
707 2430 737 2480 P.
757 2428 907 2481 Cornelius
931 2432 961 2481 Ρ.
980 2432 1009 2481 F.
1027 2427 1082 2478 Sci·

129 2498 189 2564 pio,
208 2516 283 2551 anno
301 2500 336 2549 ab
354 2499 429 2549 Urbe
450 2499 563 2550 condite
580 2499 647 2551 Dte
670 2499 804 2566 idemque
821 2498 898 2549 diem
917 2515 998 2549 snum
1014 2495 1081 2545 obiit

130 2566 209 2616 circa
232 2584 338 2618 annum
363 2568 484 2617 DLXVl.
512 2566 711 2633 Carthaginem
737 2583 801 2617 roro
820 2566 952 2618 incendit
969 2566 998 2617 Ρ.
1015 2564 1081 2615 Cor-

128 2632 224 2686 nelius
243 2635 338 2705 Scipio
357 2634 547 2699 Aemilianus,
576 2635 652 2685 filine
671 2636 784 2702 quidem
804 2634 836 2684 L.
857 2634 955 2686 Paulli
973 2630 1083 2685 Aemilii

128 2702 278 2767 naturalis,
298 2720 385 2772 nepos
403 2718 469 2754 vero
487 2702 641 2771 superioris
659 2702 804 2771 Scipionis,
818 2703 983 2773 adoptivus,
1003 2704 1034 2752 n.
1051 2700 1082 2751 U.

130 2770 163 2819 C.
183 2771 302 2835 Dcvu,
333 2771 396 2840 plue
419 2771 500 2821 annis
519 2772 567 2822 XL
586 2773 621 2824 ab
645 2771 761 2822 alterins
779 2771 866 2821 obitu.
902 2770 1015 2821 Deinde
1032 2770 1084 2820 Eu·

130 2838 214 2888 nium
230 2838 326 2889 innuit
349 2841 380 2889 in
401 2844 528 2908 podmete
552 2856 603 2892 suo
629 2838 808 2903 Carthaginis
831 2838 999 2890 incendium
1025 2840 1085 2889 atti·

130 2906 218 2973 gisse;
245 2923 312 2958 cum
336 2908 445 2959 Ennius
469 2912 500 2958 A.
519 2908 552 2959 U.
571 2908 793 2958 cmxxxiv.
818 2917 947 2959 mortuus
964 2908 1016 2974 sit,
1041 2924 1086 2958 ne·

130 2991 185 3042 que
204 2976 327 3026 Annales
349 2992 413 3028 euos
430 2975 505 3026 ultra
530 2992 637 3025 annum
655 2976 790 3025 DLXVll.
816 2975 975 3027 deduxerit.
1011 2974 1085 3044 Quid

131 3058 198 3092 cum
216 3041 268 3094 illo
290 3044 389 3109 iacias,
421 3045 470 3112 qui
492 3042 561 3094 talia
578 3052 708 3112 portenta
725 3043 865 3108 admittit;
898 3044 948 3113 qui
968 3059 1085 3096 aritine

129 3119 249 3178 nepote,
279 3112 421 3162 Punicum
439 3111 546 3162 bellum
564 3112 719 3163 secundum
740 3128 756 3161 a
775 3112 859 3163 tertio
876 3112 969 3163 nescit
989 3111 1086 3163 distin·

130 3194 234 3245 gnere3
265 3180 314 3247 qui
340 3180 455 3230 dimidii
479 3180 585 3231 saeculi
610 3179 793 3230 intervallum
811 3180 1022 3249 susquedeque
1040 3182 1086 3231 ha·

129 3247 197 3298 bet?
235 3247 343 3296 Tamen
362 3247 432 3298 haee
451 3248 629 3300 dissimulent
652 3247 782 3316 plerique
800 3250 989 3317 interpretes,
1040 3264 1085 3300 rae

129 3315 300 3365 verecundia
318 3315 424 3382 magis,
444 3325 476 3366 ut
493 3316 680 3380 crediderim,
703 3332 788 3383 quain
806 3316 986 3381 ignorantie:
1016 3266 1085 3366 itia-

128 3383 221 3433 hotius
238 3382 442 3450 Dacieriusque
460 3385 583 3452 ingenue
592 3393 629 3435 ·et
648 3394 743 3451 aperte
763 3384 877 3453 culpam
895 3392 1036 3451 arguuntt
1055 3385 1084 3434 in

128 3468 162 3503 eo
180 3460 291 3502 tantum
311 3452 428 3517 iniurii,
460 3452 535 3520 quod
559 3453 676 3505 Horatio
702 3452 756 3521 ipsi
776 3454 885 3504 crimen
913 3452 1081 3519 impingant.

129 3536 188 3572 non
207 3519 333 3572 librariis
351 3520 444 3592 potius
462 3523 557 3574 omnin
581 3520 847 3574 contaminantibus.
883 3520 961 3590 Quid
986 3520 1082 3572 enini?
