2228 3900
369 202 511 265 eronou
545 218 670 273 uteru.
940 204 1006 279 333

50 302 118 363 uio
133 306 165 361 in
184 305 333 360 reversae.
350 302 403 357 ltu.
423 303 563 369 xxxvtr,
590 322 613 357 c.
635 298 680 373 ιφ·
710 296 810 377 Neque
827 308 913 363 auru
931 310 1007 367 oum

51 378 114 449 legit
131 375 299 430 scholiastes
317 374 513 445 Porphyrion:
540 374 596 439 Bis,
615 374 719 443 inquit,
736 378 826 443 posuit
841 382 1006 445 particrdum

54 446 130 511 (male
146 444 232 515 vulgo
251 444 411 509 periculum)
431 442 473 509 si;
499 444 580 493 semel
600 444 733 509 abundet,
758 446 857 499 melius
874 450 947 499 euim
964 452 1007 501 sio

56 516 199 585 loqueretur.
242 512 352 581 Quibus
369 520 398 563 te
416 510 567 579 superstite
585 512 644 563 rite
661 511 788 565 iucunda
805 520 875 581 este
893 515 919 569 si
938 533 1007 569 con·

56 592 100 652 trs,
116 582 209 653 gravis
227 591 285 636 ests
306 599 370 647 ergo
387 577 497 629 verium
517 580 682 631 extrinsecus
699 583 883 648 accipiendum
901 598 941 639 est
957 574 1005 653 sit,

58 665 83 703 ut
95 654 169 720 plena
180 650 239 717 fiat
257 650 378 700 elocutio.
415 649 462 701 Sic
479 657 508 698 et
527 656 679 700 annotator
696 650 889 719 Graerieaus3
922 654 1007 706 Vacat

55 720 90 774 si:
109 720 181 771 unde
199 717 233 771 in
250 717 394 785 Petrensi‚
422 716 653 783 Magdslenensi,
678 725 708 769 et
723 717 954 775 Bodleiano-vox
971 740 1008 777 ea

59 788 235 851 desideratum
268 794 297 837 et
324 786 446 839 liabetur
472 793 601 851 tanturn,
640 786 702 835 Vita
726 790 878 854 superstite.
927 791 1008 859 Quid

62 856 154 909 nolte?
188 853 309 926 Recipis
332 854 401 905 dum
419 863 460 905 est
477 855 597 905 omnino
613 855 652 919 si,
672 870 740 907 cunr
757 856 792 907 ob
810 862 853 909 tot
871 859 1007 913 codicum

64 926 256 991 securitatem,
276 872 345 975 tullo
361 924 398 973 oli
415 920 592 988 singularem
614 938 695 975 suem
719 921 902 991 elegantiam.
939 926 1009 995 Qui·

65 991 179 1059 iuvita,
205 992 260 1057 ait,
289 991 423 1051 iucunda,·
453 992 478 1041 si
497 1003 523 1041 te
546 992 686 1058 superstite
702 992 824 1057 nvitun
850 994 876 1043 si
900 1010 1011 1063 curura,¹

66 1064 144 1126 graus.
178 1062 279 1131 Neque
297 1061 376 1110 euim
393 1072 472 1109 vacat
489 1060 514 1109 si
532 1069 582 1111 aut
601 1058 734 1129 abundat,
763 1068 796 1111 ut
822 1061 1010 1117 Enerrstoses

66 1130 239 1181 indiderunt.
275 1128 417 1181 Posterius
434 1129 460 1178 si
465 1182 468 1189 ,
477 1144 531 1196 pro
548 1130 592 1178 sin
608 1128 744 1205 peritum
769 1138 803 1181 ut
819 1128 872 1182 elii
888 1132 944 1183 scri
966 1142 1011 1185 to·

66 1210 99 1251 su
111 1198 184 1268 loqui
205 1206 317 1264 amant,
342 1212 502 1266 numquam
518 1196 663 1249 Horatius.
698 1196 814 1249 Terent.
831 1196 919 1251 Andr.
952 1210 1008 1269 [5.

116 1267 143 1320 Si
158 1268 237 1319 illum
255 1267 393 1335 relinquo,
421 1268 479 1317 eius
495 1266 568 1316 vitae
585 1266 682 1345 timeo:
705 1266 752 1319 sin
768 1267 902 1337 opitulor,
926 1266 1010 1331 liuius

601 1350 698 1387 minas.

66 1392 147 1459 lloriu·
163 1412 263 1457 eontra
280 1400 407 1521 Eqist.1‚
426 1414 453 1469 5.

116 1474 143 1527 si
158 1488 233 1544 potes
250 1472 301 1522 Arc
323 1473 391 1522 iacis
406 1472 522 1521 conviva
539 1468 690 1523 recumbere
707 1470 786 1525 lectis
800 1498 838 1513 -
853 1502 889 1517 -·-

116 1540 149 1595 ss
161 1543 257 1593 melius
275 1542 339 1609 quid
356 1538 447 1607 tatu,
468 1557 581 1591 arcesse.

67 1612 182 1677 asem·
203 1612 227 1677 I,
248 1618 274 1673 3·
292 1626 318 1660 '¹
337 1620 363 1674 5·

118 1681 144 1733 si
160 1692 259 1747 peteret
276 1695 324 1745 per
343 1679 492 1728 amicitiam
510 1678 598 1745 petris
615 1690 694 1748 utque
711 1694 807 1743 suum‚·
822 1696 879 1733 note

119 1748 210 1800 Hilum
228 1746 390 1816 proficeret}
407 1748 432 1798 si
451 1746 625 1811 collibuisset,
645 1748 678 1797 ab
696 1766 756 1799 ovo.

69 1812 144 1869 cum.
161 1818 217 1883 ΙΙΙ,
237 1831 278 1883 29.
310 1815 406 1865 Laudo
424 1829 574 1866 manentem
592 1816 660 1879 (hoc
677 1824 727 1881 est,
746 1816 840 1883 leudo,
858 1817 885 1867 si
900 1824 1009 1887 manet)
1040 1823 1045 1841 ¹

64 1882 86 1953 ¹tl
101 1886 190 1937 celeres
207 1886 294 1953 quatit
310 1902 420 1951 pennos,
440 1886 546 1950 resigno
566 1898 633 1952 quae
651 1884 733 1935 desiit.
769 1888 861 1953 Atque
879 1886 920 1937 itu
936 1905 1010 1939 sem·

69 1968 107 2072 qu
121 1956 234 2018 Noster3
261 1953 294 2003 in
319 1953 421 2022 quibus
446 1950 518 2005 locis
536 1954 580 2003 sin
604 1968 711 2023 ponere
729 1951 794 2007 eliis
812 1954 943 2007 usitatius
959 1964 1009 2011 est·

87 2032 184 2076 iterum
200 2022 286 2085 illud,
506 2074 509 2081 ,

121 2092 175 2143 Ibis
192 2091 321 2141 Liburnis
339 2092 409 2140 inter
428 2090 485 2140 alto
503 2092 623 2156 nuvium,

68 2172 108 2227 pu
124 2158 379 2227 interrogationem
398 2158 575 2227 efferendum
592 2169 740 2231 putemus:
768 2154 800 2211 it
825 2160 905 2214 enim
927 2160 1011 2215 relie-

68 2232 174 2283 toeutius
191 2237 220 2280 et
239 2223 480 2294 παθητικώτερον.
1004 2266 1009 2275 ,

94 2314 128 2369 17.
153 2302 215 2350 Sum
232 2297 348 2362 fleturus
372 2298 402 2345 in
426 2297 507 2364 metu]
546 2296 623 2368 Lege
647 2316 683 2352 ex
712 2297 912 2353 emendatione
930 2312 1011 2369 prae·

70 2368 215 2419 suatisstmi
232 2366 296 2416 Nic.
314 2365 441 2416 Heiusii:

123 2437 214 2487 Comes
234 2437 334 2485 minore
351 2434 406 2484 siin
418 2434 533 2499 jisturus
550 2437 581 2486 in
598 2449 677 2490 metu.
751 2454 754 2460 '

70 2502 116 2569 un,
131 2515 162 2556 ut
180 2502 350 2573 respoudeat
367 2501 405 2572 τῷ
425 2504 521 2553 iuvem.

96 2590 130 2625 21.
155 2573 229 2637 Non,
248 2584 277 2623 ut
295 2573 373 2634 ausu,
393 2572 488 2638 ausiti]
528 2572 599 2624 Vide
617 2570 703 2626 morlo
721 2568 827 2624 seriem·
842 2568 1013 2627 verbonun:

70 2636 134 2708 Avis,
160 2640 271 2709 inquit,
292 2639 431 2690 incubans
449 2642 541 2709 magis
558 2643 640 2692 timet
658 2641 745 2711 pullis
762 2641 819 2691 suis
835 2641 1013 2707 absentiltusg

70 2720 113 2759 nou
128 2712 214 2761 latura
231 2709 291 2776 plus
308 2707 407 2763 auxilii
423 2711 616 2775 praesentibus,
635 2725 663 2760 ut
679 2711 766 2769 adsit,·
782 2708 838 2759 hoc
853 2716 902 2787 est?
923 2728 1016 2778 quam-

70 2777 102 2839 uis
117 2781 191 2829 adsit.
227 2779 329 2829 Nonne
353 2776 412 2826 iarn
437 2779 523 2829 sentis
549 2782 669 2830 eandem
687 2796 749 2828 rem
772 2777 815 2827 bis
840 2777 921 2829 dici?
952 2782 1016 2829 sine

71 2840 143 2898 iunio
160 2846 334 2898 alterutrum
353 2861 560 2913 supervacuum
580 2856 636 2912 est,
665 2857 712 2899 sut
730 2846 928 2912 praesentibus,
955 2855 1013 2913 sut,

71 2918 180 2966 utedsit.
216 2914 289 2966 Satis
306 2931 360 2981 per
378 2930 407 2963 se
424 2931 487 2964 rem
507 2916 659 2983 exprimit,
691 2916 756 2964 Non
781 2914 872 2964 latura
888 2915 949 2981 plus
967 2932 1017 2964 au-

70 2982 126 3047 silii,
143 2998 171 3034 ut
191 2983 277 3032 adsit:
297 2982 394 3033 demto
410 2986 593 3048 praesentibus
599 3004 609 3045 ;
629 2982 683 3047 rel,
702 2982 768 3033 Non
784 2982 875 3033 latura
890 2984 950 3048 plus
967 2998 1018 3033 uu·

69 3050 119 3100 :tilii
133 3052 316 3119 praesentibus
322 3069 333 3111 ,·
358 3046 476 3120 demtis,
497 3066 526 3102 ut
544 3054 623 3102 adsit.
658 3053 736 3103 Haec
753 3059 849 3101 temen
867 3060 908 3101 tot
925 3051 1017 3102 Inter-

69 3129 147 3235 qretes
163 3121 307 3189 patienter
332 3119 476 3184 tulerunt3
506 3121 574 3189 quia
591 3122 631 3171 sic
648 3120 819 3172 invenerunt
834 3119 866 3169 iti
884 3118 1019 3170 editioni·

86 3201 111 3239 us
125 3190 233 3259 priscis.
270 3193 321 3254 At,
349 3189 373 3239 si
391 3188 473 3239 bonis
492 3191 550 3240 suis
568 3190 610 3239 uti
634 3190 794 3255 novissent,
823 3188 944 3239 meliora
969 3204 1018 3240 eos

70 3250 158 3309 locere
176 3266 309 3328 poteraut
326 3257 438 3307 codices
457 3258 574 3326 scriptis
608 3274 730 3326 quorum
748 3257 916 3321 veterrimus
932 3255 1018 3307 Blan-

70 3320 166 3393 iinius,
193 3336 222 3377 et
238 3327 395 3376 Pulmanni
412 3341 486 3376 unus
505 3343 573 3376 cum
589 3325 699 3397 aliquot
716 3324 853 3379 Lambini
871 3328 913 3377 sic
931 3327 1019 3379 verbe

69 3400 279 3462 repraesentant,

126 3465 220 3531 Magis
238 3462 357 3524 relictis5
378 3480 433 3513 non
450 3465 492 3513 uti
510 3462 547 3514 sit
565 3461 651 3513 anuli

159 3534 263 3583 Lutura
279 3533 340 3598 plus
356 3533 544 3598 praesentibus.

69 3595 168 3673 Quibus
184 3604 244 3654 tere
263 3600 406 3653 resedent
423 3601 601 3658 Graevienus
623 3610 724 3661 noster
746 3609 778 3659 et
795 3598 951 3657 Galeenus
966 3610 1044 3649 cum
