2250 3990
320 124 323 129 ’
388 142 454 185 sus
486 143 667 187 coessen-
923 125 998 201 ‚74³

26 224 109 279 darn
135 238 265 273 numeros
286 222 426 291 complexa
444 225 577 283 videatur.
620 223 748 278 Ibidem:
775 223 852 275 Haec
868 224 939 275 enim
956 222 997 277 le·

22 292 66 356 pis
88 304 118 343 et
127 292 232 359 fluens
250 303 389 359 contestas
404 293 488 345 decet.
525 295 649 347 lterum:
675 292 765 343 Lenia
780 293 913 359 spatium,
935 293 998 345 sub·

22 362 105 415 limia
132 374 165 409 et
180 372 280 411 ornato
296 361 447 411 claritatem
461 380 570 480 ,piraque
593 380 697 413 vocum·
710 374 830 429 poscunt.
867 362 901 413 Et
919 377 995 430 mox,

10 430 87 511 ’ρνο
107 430 207 479 minus
223 426 366 487 id'mirum
383 431 413 481 in
428 448 460 497 pe
480 430 539 481 rbus
557 432 705 489 orationis,·
729 447 787 480 cum
807 429 918 480 debeant
934 430 996 480 sub·

10 498 103 551 lensia
129 498 257 563 ingredi,
296 496 373 548 lenia
397 498 475 565 duci,
504 500 582 550 acria
608 515 728 562 currere,
756 496 876 547 delicata
893 498 996 564 fluere.

17 566 56 621 Et·
80 580 208 621 rursus:
236 568 341 636 Aspera
364 580 456 617 contra
473 568 577 619 Iambis
599 568 712 618 maxime
732 567 914 630 concitantur,
940 584 996 617 non

14 632 114 696 polum
134 634 211 703 quod
226 648 288 691 sunt
306 652 320 685 e
337 634 440 687 duobus
455 635 577 704 syllabis,
597 654 678 705 eoque
687 635 902 702 frequentiorem
918 636 997 701 quasi

14 704 135 773 pulsum
158 700 273 768 babent,
293 720 360 771 quae
378 721 420 754 res
436 702 550 757 lenitati
567 706 703 755 contrario
720 716 766 769 est.
802 704 838 753 Et
855 700 993 770 denique:

14 774 51 825 Et
83 784 167 823 certe
192 770 295 826 nullum
313 770 421 822 verbum
439 774 626 842 aptum'atque
652 774 777 824 idoneum
800 771 995 838 praetermitte-

14 858 79 901 ntus
97 840 202 907 gratia
218 839 352 892 leuitatis.
387 841 466 893 Idem
483 841 523 909 X,
556 850 596 893 L*
616 840 754 909 Quosdam
777 840 875 891 elatior
891 840 996 905 ingenii
1064 864 1068 873 ‹

13 910 58 969 tris
83 922 114 959 et
138 904 229 979 tnagis
246 910 350 959 concito
368 923 392 959 et
408 910 490 977 plena
506 911 618 977 spiritus
635 911 722 977 capit:
747 908 854 958 suntet
879 907 995 959 leniter

11 976 107 1035 nitidi
138 988 168 1027 et
193 977 332 1045 compositi
354 972 462 1044 generis
480 996 539 1031 ¹non
560 980 642 1045 pauci
662 990 802 1028 amatores.
838 976 874 1028 Et
898 975 937 1041 X,
968 994 992 1028 e.

10 1046 121 1106 Etiam
155 1040 206 1093 boc
231 1044 299 1093 solet
323 1047 482 1103 incommodi
505 1048 625 1104 accidere
652 1044 697 1098 bis
722 1047 768 1115 qui
790 1062 819 1095 se
844 1045 892 1095 uni
910 1044 994 1093 alicui

11 1114 126 1184 generi
145 1111 320 1173 dediderttnt,·
350 1128 379 1165 ut
395 1116 420 1164 si
438 1117 571 1185 asperitas
592 1115 635 1167 liis
651 1116 753 1182 placuit
770 1112 899 1176 alicuius,
923 1109 994 1162 banc

12 1184 108 1237 ctiam
139 1179 171 1231 in
188 1182 246 1231 leni
268 1198 299 1231 ac
320 1186 428 1233 remisso
449 1202 602 1235 caussarum
620 1201 718 1251 genere
741 1201 795 1234 non
815 1192 920 1234 exuant.
958 1181 995 1233 Et

11 1266 105 1311 mox:
138 1248 249 1317 Sintque
268 1250 324 1301 alia
343 1250 460 1318 leniter,
482 1253 537 1302 alia
555 1270 667 1321 asperet
694 1252 751 1302 alia
768 1252 915 1317 concitate,
936 1249 994 1299 alia

13 1320 161 1377 remism
190 1319 391 1384 ottomanus,
420 1322 476 1371 alia
493 1323 616 1370 tnovertsli
631 1322 721 1386 gratio
741 1320 865 1370 dicenda.
912 1317 995 1369 Idem

12 1390 94 1455 111,
116 1399 175 1437 ἰο.
210 1386 284 1435 Nom
304 1401 328 1439 et
344 1389 437 1438 subtili
452 1389 557 1455 plenius
573 1389 676 1455 aliquid
701 1375 778 1455 atqiee
800 1386 939 1449 subtilius,
969 1397 995 1435 et

12 1455 185 1515 vehementi
210 1458 345 1511 remissius
371 1470 448 1524 atque
477 1456 657 1507 vehementius
685 1458 835 1506 invenitur:
870 1468 900 1504 nt
923 1452 996 1505 iltot

14 1526 95 1579 lene
127 1536 178 1575 aut
201 1520 319 1574 mcertslit
345 1525 380 1574 ad
406 1526 525 1576 fortiora
551 1538 597 1575 aut
618 1525 653 1574 acl
676 1526 798 1574 tenuiora
820 1522 994 1573 submittitur.

14 1596 144 1651 Seneca
161 1592 249 1661 Epist.
270 1590 365 1644 utut.
403 1594 564 1659 Compositio
585 1594 673 1643 virilis
690 1605 716 1643 et
732 1604 842 1651 sancto3
859 1588 997 1639 nibilomi-

16 1680 78 1721 nus
102 1660 301 1717 interveniebat
325 1660 401 1711 dulce
425 1662 495 1712 illud
519 1673 544 1715 et
569 1660 626 1711 loco
651 1656 724 1712 lene.
768 1659 855 1729 Epist.
878 1657 909 1707 C.
945 1659 996 1707 Est

18 1732 110 1783 decor
137 1729 416 1795 proprius‘orationis
439 1726 544 1779 leniter
571 1730 671 1794 lapsae.
708 1728 789 1779 CXV.
824 1728 890 1792 Apte
913 1724 997 1775 verba

20 1808 175 1861 contexta,
194 1810 218 1846 et
236 1798 428 1861 oratio-fluens
447 1796 559 1849 leuiter.
595 1798 700 1847 Seneca
720 1793 930 1859 Controv.111,
953 1808 994 1860 19.

23 1866 201 1935 Compositio
221 1883 321 1933 quoque
340 1866 420 1914 Calvi
436 1868 465 1914 in
489 1865 637 1917 actionibus
656 1866 691 1914 ari
709 1863 856 1931 esemplurn
872 1858 997 1912 Demost-

23 1936 112 1990 benis
139 1933 225 1999 riget:
259 1926 330 1982 riibil
355 1934 383 1983 in
407 1933 458 1983 illa
474 1934 624 2001 placidum,
653 1933 723 1983 nibil
741 1933 805 1982 lene
824 1942 878 1993 est,
905 1930 996 1978 arania

25 2008 118 2059 titotn
139 2002 353 2069 etfluctuantitt.
389 2001 433 2051 bic
450 2014 540 2052 tamen
564 2004 594 2051 in
613 2002 733 2067 epilogo,
760 2018 814 2049 non
833 2011 936 2049 tantum
955 1995 996 2047 le·

26 2074 111 2125 niter
131 2071 271 2137 componit,
289 2070 335 2118 secl
352 2083 377 2119 et
395 2069 518 2137 infracte.
555 2069 712 2139 Appuleius
729 2070 760 2119 in
778 2067 930 2136 Apologia:
959 2066 996 2115 us

28 2140 135 2197 inilia
152 2141 271 2189 oratione
290 2156 374 2205 neque
393 2140 458 2189 Cato
475 2140 637 2204 gravitatem
655 2139 788 2206 requirat,
817 2152 901 2205 neque
925 2132 997 2183 Loe-

31 2212 87 2266 lius
103 2208 265 2275 lenitatem,
283 2225 366 2273 neque
380 2206 518 2258 Gracchus
535 2210 669 2274 impetum,
687 2224 735 2257 nec
751 2207 853 2257 Caesar
870 2202 996 2263 calorem,

34 2296 83 2331 nec
102 2276 265 2327 Hortensius
281 2274 507 2340 distributionem,
526 2293 575 2324 nec
595 2277 695 2326 Calvus
712 2276 849 2341 argutias,
869 2290 917 2322 neo
934 2287 998 2338 par·
1021 2290 1023 2297 ·

34 2346 180 2399 simoniam
208 2342 365 2405 Sallustius,
399 2360 445 2393 nec
472 2343 633 2407 opulentiam
653 2344 752 2393 Cicero.
806 2339 883 2409 Quid
907 2336 997 2405 ergo?

36 2414 109 2469 sotis
126 2412 185 2465 iam
207 2412 311 2480 opinor
327 2427 467 2481 superque
483 2410 570 2461 fidem
587 2410 722 2477 fecimus,
753 2425 812 2461 nou
833 2408 919 2469 levia,
950 2422 998 2455 ve·

39 2500 103 2535 rum
122 2482 195 2547 lenia
215 2482 350 2545 deinceps
373 2478 422 2529 hic
446 2477 641 2549 reponendum
660 2495 735 2540 esset
766 2477 791 2529 si
813 2490 912 2546 tepere
936 2480 998 2524 tun-

10 2558 12 2616 j
40 2550 103 2605 tletn
121 2548 269 2603 audebunt
285 2548 415 2599 editores.
786 2586 790 2605 ,

10 2617 15 2680 l
71 2636 115 2689 32.
137 2618 277 2669 Aemilium
296 2618 367 2673 cirea
384 2616 476 2665 ludum
486 2614 570 2681 saber
587 2614 663 2675 imus,
683 2627 708 2663 et
726 2627 829 2677 ungues
845 2605 995 2674 Esprimet]
1027 2646 1029 2651 .

43 2690 164 2741 Crucem
184 2684 387 2753 interpretibus
405 2685 467 2736 fixit
484 2682 636 2734 sceleratus
658 2682 710 2732 ille
731 2681 819 2729 Faber
840 2680 927 2727 imus:
959 2676 1000 2727 itu

10 2687 19 2817 l
43 2755 71 2809 itt
89 2772 189 2811 oruttes
207 2764 302 2821 partes
320 2771 348 2805 se
366 2762 488 2815 vertunt,
507 2753 539 2802 in
557 2768 652 2802 cattssc
669 2748 714 2799 vel
731 2747 858 2798 nottsinis
877 2744 922 2796 vel
940 2744 1000 2813 epi·

10 2823 13 2882 l
45 2824 164 2877 thetios
186 2821 313 2873 uirende.
364 2824 450 2871 lenton
474 2821 569 2887 inquit
596 2820 791 2887 Porphyrion,
822 2815 872 2864 boc
892 2826 945 2875 cst,
971 2814 1001 2862 in

10 2898 12 2944 l
46 2894 143 2959 ungulo
166 2842 229 2942 ludi
256 2892 393 2941 tabernam
420 2890 590 2953 habentem„
619 2890 712 2937 Acron
742 2902 837 2934 nomen
865 2883 1001 2949 proprium

10 2948 12 3023 l
45 2960 90 3013 tsio
108 2960 230 3031 accipin
260 2959 335 3027 quod
355 2967 383 3009 et
401 2957 433 3011 iu
454 2954 626 3009 membranis
644 2971 726 3022 saepe
748 2954 824 3003 inter
844 2952 934 3002 lineat
953 2948 1001 2998 ad·

46 3038 171 3083 notatum
190 3026 264 3081 vidi:
297 3028 348 3079 alii
366 3040 468 3089 tamen,
499 3023 610 3091 inquit,
639 3022 730 3073 dictent
750 3026 851 3085 linum,
881 3020 1001 3077 brevem,-

47 3100 109 3163 alii,
137 3101 168 3148 itt
192 3109 309 3146 extrema
331 3109 406 3161 parte
430 3094 488 3143 lorli
505 3094 627 3160 positum.
673 3093 756 3141 Extra
784 3089 834 3141 hos
858 3085 1002 3139 cancellos

46 3182 100 3219 non
118 3164 218 3234 egredi
236 3164 341 3214 student
365 3162 549 3213 recentiores:
581 3177 634 3211 uec
657 3159 687 3210 iu
708 3162 830 3217 mirum:
863 3172 927 3207 ctrrn
953 3170 1002 3203 ne·

47 3252 98 3305 que
117 3238 152 3283 de
173 3232 289 3284 bomine
309 3246 402 3297 neque
422 3230 456 3280 de
474 3228 579 3299 ungulo
597 3228 651 3281 illo
671 3229 734 3278 ludi
750 3243 828 3279 nunc
849 3224 1004 3293 quicquam

46 3301 167 3374 amplius
185 3301 268 3351 detur
286 3299 447 3350 resciscere.
482 3300 527 3351 Tu
548 3315 628 3361 vero,
653 3297 803 3349 conterritis
822 3296 865 3345 his
883 3290 1002 3353 naeniis,

46 3374 85 3423 sic
102 3387 199 3423 veram
216 3378 246 3420 et
264 3377 388 3421 veterem
405 3366 560 3419 lectionem
583 3367 640 3418 huc
658 3382 778 3431 revocem
805 3362 926 3415 minimo
944 3374 1005 3410 ints·

47 3440 164 3495 tutione:

113 3506 256 3559 Aemilium
277 3506 350 3557 circa
368 3504 459 3557 italum
472 3504 563 3575 saber,
581 3518 654 3555 unus
672 3516 697 3553 et
715 3516 817 3567 ungues
