2228 3900
88 163 153 229 636
364 178 394 233 o.
431 177 592 221 nonsrrr
626 179 760 221 enrccr

159 262 217 333 Qui
234 277 336 329 sapere,
358 272 383 310 et
393 258 455 325 sari
472 262 554 320 possit
571 279 638 328 quae
654 262 765 326 sentiat,
783 272 809 313 et
826 256 885 313 cui.

88 334 145 389 Ubi
164 330 240 383 nihil
258 338 306 395 est,
327 330 403 398 quod
423 328 618 380 difficultatem
639 338 817 383 antenorem
837 328 989 383 lectoribus
1003 330 1036 383 le·

91 408 157 458 ciat.
195 398 271 469 Quid
290 399 367 449 enirn
385 396 429 446 his
448 396 566 462 clarius,
594 396 722 461 Aiumnoj
749 401 797 465 qui
813 400 899 465 possit
915 411 1036 465 sapereet

89 490 158 544 qreae
175 466 361 531 sentinesari,
389 477 414 515 et
434 466 597 530 migratio,
618 465 700 531 sarna
720 467 846 517 valetudo
869 466 968 519 abunde
986 486 1037 519 eon·

88 546 187 605 tingat,
208 536 272 604 quid
289 536 376 583 maius
392 545 487 581 vovent
503 534 661 583 nutricula?
696 534 790 599 Vides,
810 535 926 603 opinor,
947 538 1037 587 oretis·

87 612 134 665 nis
154 605 257 658 seriem
277 602 342 653 satis
361 600 529 668 expeditam.
566 600 658 667 illud,
680 610 712 652 ut
731 602 861 667 videtur,
887 604 1035 669 interpreti·

86 681 156 741 bue,
188 671 370 738 librariisque'
393 669 489 719 turhas
513 668 606 733 dedit;
621 683 626 690 ·
641 669 719 739 quod
742 669 908 723 nutriculae
933 670 1035 725 votetle

89 746 207 799 alumno
236 740 339 805 infante
365 737 413 787 hic
442 739 620 804 acciperent3
657 737 733 789 uude
762 742 798 789 ris
827 740 958 809 proclive
986 748 1035 791 errt

90 808 378 881 Quamsubstituere3
405 821 460 875 quo
477 813 603 874 tempus,
629 823 686 856 non
708 807 806 858 uthis
826 825 974 877 praesens,
995 807 1035 859 ut

81 882 208 950 futurum
226 876 377 926 indicetur.
413 874 497 939 Atqui
518 874 604 925 etiam
623 874 726 927 adultis
750 876 879 926 alumnis
897 878 969 929 bene
983 892 1034 945 prr·

89 958 192 1001 emitur
214 942 392 1007 nutriculae3
427 942 513 992 etiam
532 950 593 992 tum
612 959 694 1010 saepe
714 944 895 1013 superstites,
924 954 955 996 ut
970 956 995 997 et
1008 945 1033 995 iu

86 1020 146 1069 vitu
164 1016 224 1083 ipse
241 1023 269 1063 et
287 1013 317 1062 in
336 1027 420 1061 scena
437 1010 533 1060 videre
552 1019 600 1061 est.
635 1010 665 1060 Id
691 1028 805 1080 quoque
831 1011 974 1065 Librariis
994 1029 1032 1064 eu·

86 1102 148 1137 sem
173 1081 312 1145 porrexit,
342 1087 373 1127 ut
398 1077 485 1143 Quam
509 1077 729 1144 interpolare-nn
762 1080 831 1149 quia
857 1088 1031 1148 praecessent

86 1153 199 1208 Maius,·
219 1146 408 1197 nescientibus
425 1145 552 1196 absolute
569 1147 616 1197 hic
634 1147 721 1214 ponit
740 1158 772 1198 ut
788 1148 877 1218 Epist.
897 1152 958 1219 xu,
975 1165 1030 1220 '·5·

157 1222 186 1271 Si
198 1218 285 1267 ventri
304 1216 377 1278 bene,
394 1215 419 1263 si
436 1214 515 1264 lateri
531 1229 569 1266 est
586 1215 745 1283 pedibusque
764 1218 838 1277 tuis;
855 1217 895 1269 nit

153 1288 274 1339 Divitiae
292 1296 415 1350 poterunt
435 1284 538 1347 regales
557 1285 654 1334 addere
673 1284 773 1336 maius.

122 1350 471 1418 11.Etmundusviceus‚]
508 1352 585 1403 Editi
611 1369 710 1406 omnes
731 1369 799 1406 cum
824 1353 940 1407 maiore
966 1361 1028 1426 pul!

85 1427 230 1490 codicum,
585 1491 591 1502 ι

504 1502 529 1539 ee
546 1506 590 1539 cuz
748 1534 754 1548 ‚

155 1560 260 1620 Gratia,
272 1557 361 1623 samo,
380 1557 504 1607 ruletudo
524 1558 662 1623 contingat
680 1558 794 1623 abunde,

155 1630 191 1679 Et
209 1628 331 1677 muudus
349 1627 442 1685 victus,
463 1644 517 1674 non
534 1625 673 1690 dejiciente
691 1644 827 1679 crumena.

82 1700 181 1767 Neque
201 1695 285 1746 aliter
304 1693 372 1744 citet
400 1696 519 1744 loannes
546 1694 654 1744 saresb.
681 1695 819 1765 Motalog.
846 1700 877 1767 Ι,
909 1722 936 1773 7,
963 1702 1027 1756 cuim

82 1768 169 1818 etiem
186 1764 322 1831 scriptum
342 1762 486 1828 exeruplar
504 1762 683 1828 inspeximus.
720 1764 791 1832 Qms
810 1764 965 1823 lectionem
980 1780 1026 1823 22„
1061 1809 1064 1830 Ι

80 1834 212 1886 idoneum
231 1842 258 1883 et
280 1830 458 1883 commodum
478 1828 510 1879 in
528 1830 571 1880 ius
589 1847 691 1882 vocare
710 1833 800 1901 ausit,
836 1838 895 1891 nisi
917 1851 1025 1892 veretum
1060 1869 1064 1880 .

81 1901 287 1969 exemplarium
307 1899 463 1967 patrocinio
482 1898 591 1950 iretur?
625 1899 747 1951 Mundus
764 1903 869 1973 victus,
895 1917 928 1959 ut
944 1917 1024 1963 contr!
1061 1917 1064 1928 '

81 1971 184 2021 Noster
201 1970 288 2019 Serm.
309 1968 342 2031 ll,
363 1982 386 2021 ρ.
528 2012 537 2032 Ι,

149 2037 283 2087 Sordidus
304 2036 410 2085 arenul
429 2033 520 2085 victus
539 2031 656 2083 distabit.

80 2105 117 2155 Et
127 2104 238 2155 Gellius
258 2104 315 2169 llll,
335 2122 360 2171 7.
386 2104 450 2154 Cum
468 2104 555 2152 dicere
575 2100 653 2149 vellet
671 2101 751 2170 inopi
772 2110 907 2171 quendam
926 2110 1025 2163 misero·

81 2188 136 2240 que
154 2173 230 2223 victu
248 2174 345 2220 m'nrre.
382 2176 473 2221 Amm.
493 2166 678 2220 Marcellinus
696 2172 801 2242 xxix,
829 2192 856 2241 5.
895 2180 1024 2229 Blandiens

79 2243 152 2290 victu
169 2240 348 2306 stipendioque
366 2240 450 2288 milite
470 2252 596 2288 recreato.
633 2240 838 2292 Verumtamen
858 2263 941 2315 rum,
959 2262 1023 2325 prue-
1062 2293 1064 2310 ,

79 2318 123 2358 ter
140 2308 250 2376 aliquot
268 2307 406 2358 Lembino
425 2316 453 2356 et
474 2307 645 2358 Bersmrmno
664 2307 753 2373 visos,
784 2316 967 2367 vetustissimi
984 2330 1022 2365 no·
1062 2351 1064 2364 .

78 2378 131 2428 stri
149 2375 338 2443 (irrevianus,
371 2375 533 2441 Leideusis,
568 2375 715 2427 Vossianus
739 2392 798 2430 une
816 2396 886 2434 cum
912 2380 1022 2434 Petrenti
1062 2419 1064 2426 .

77 2448 115 2498 Et
132 2448 225 2497 enudus
242 2458 267 2494 ee
286 2447 369 2494 uictus
391 2442 559 2505 exhibeeut3
591 2460 650 2494 non
672 2458 788 2513 possum
812 2464 876 2501 non
899 2448 1021 2521 euspieul
1062 2481 1064 2494 ·

76 2514 118 2567 sic
136 2516 170 2564 ab
189 2513 305 2565 Horatio
325 2512 487 2579 proiectum
505 2528 571 2576 esre,

145 2585 180 2631 lie
200 2583 300 2632 domus
320 2589 347 2629 ot
365 2582 457 2641 uictus,
477 2598 530 2630 non
546 2578 685 2645 deficiente
703 2598 841 2637 crumena.

76 2651 160 2703 Certe
179 2653 224 2700 vix
242 2648 336 2700 omitti
360 2648 453 2715 potuit
471 2650 574 2697 Domus
597 2649 673 2697 inter
698 2658 766 2702 voto
790 2654 968 2719 nutriculum
991 2669 1018 2705 ne

74 2720 147 2770 forto
172 2735 238 2769 cum
263 2714 394 2768 omnibus
419 2716 480 2767 istis
495 2726 614 2767 naturae
633 2724 661 2767 et
677 2717 812 2771 fortunae
837 2723 920 2777 bonis
943 2724 1017 2775 elun-

74 2803 127 2837 nus
155 2803 220 2837 suus
249 2784 294 2837 vel
315 2786 427 2835 incerto
455 2785 515 2836 lere
541 2783 587 2837 vel
611 2783 692 2838 nullo
718 2799 883 2857 regeretur.
933 2794 1017 2845 Noster

74 2854 163 2923 Epist.
185 2856 207 2920 i,
229 2872 252 2905 2.
273 2873 298 2904 v.
317 2864 360 2918 47.
379 2868 422 2917 51.

142 2924 208 2971 Non
226 2922 324 2972 domus
345 2934 368 2970 et
380 2920 493 2985 jiurdus,
514 2938 568 2971 non
585 2922 655 2971 aeris
671 2939 787 2973 aceruus
803 2938 831 2976 ee
849 2931 920 2991 auri,
937 2938 983 2980 ete.

144 2990 198 3058 Qui
216 2992 287 3055 cupit
305 3002 351 3038 unt
369 2990 476 3050 metuit,
496 2989 571 3039 iuvet
587 2989 664 3040 illurn
681 2990 722 3041 sic
739 2990 843 3047 domus
861 3010 887 3048 et
904 3014 956 3061 res,
970 3002 1011 3047 ele·

75 3058 159 3113 ovid.
181 3058 268 3128 Epist.
288 3057 423 3108 Helenae.
446 3057 502 3107 160.

424 3142 515 3189 resque
535 3124 700 3193 domusque,

141 3196 177 3245 Et
196 3194 245 3243 tili
262 3194 296 3242 sit
315 3210 394 3243 curae
416 3193 514 3243 Troius
530 3194 631 3260 hospes,
652 3192 701 3243 uit.

72 3263 156 3316 Vides
174 3262 251 3312 inter
270 3264 342 3312 hone
360 3270 475 3312 externa
495 3261 656 3331 principem
674 3260 774 3314 locum
792 3272 891 3317 tenere
912 3266 1007 3316 domum·

73 3334 150 3403 Quin
171 3339 200 3380 et
223 3346 288 3380 rum
310 3331 381 3379 victu
408 3331 635 3382 commodissime
658 3328 809 3398 iungiturg
846 3344 879 3386 ut
902 3334 956 3385 cte.
980 3328 1006 3380 u

72 3400 207 3454 Amicitia
226 3415 249 3448 c.
271 3413 311 3467 αῖ.
351 3400 411 3447 Una
435 3397 535 3449 domus
552 3412 625 3459 erat,
653 3397 725 3447 idem
751 3399 841 3453 victus
865 3404 888 3453 r's
904 3420 934 3452 ue
951 3412 1005 3449 eon·

71 3473 171 3526 munis.
207 3466 320 3521 Gellius
339 3466 366 3534 l,
385 3480 428 3531 tu.
462 3464 540 3532 Quod
562 3468 681 3519 viderent
706 3468 792 3519 multa
810 3470 845 3519 ad
859 3421 1004 3537 splendorem

70 3547 178 3605 domus
196 3552 283 3619 etque
301 3536 398 3597 rietus
416 3532 531 3605 defieri,
553 3552 638 3603 neque
651 3550 700 3601 nro
716 3538 892 3601 nugariam
905 3533 1003 3605 &gntu-
