2228 3900
390 183 453 227 rae
481 182 648 228 sontica.
934 168 998 234 741

58 259 148 332 uippe
166 261 208 313 ite
231 260 369 331 Virgilius
392 273 421 315 et
439 263 613 318 Claudianus
637 263 673 317 de
688 264 825 335 Tritone3
852 265 906 321 itte
922 269 992 323 Aen.

83 345 148 394 2113
169 330 217 381 hic
236 332 271 384 da
287 333 402 402 Nuptiis
418 330 542 385 Honorii
559 352 585 386 v.
606 349 663 403 ¹47·
769 340 772 346 '

89 420 91 425 ·
200 401 244 450 cni
261 401 374 451 laterum
389 414 470 452 tenus
485 401 593 469 bispida
609 402 689 452 nenti
721 462 723 471 Ι

99 465 186 517 Frons
205 467 339 520 hominem
355 470 482 538 praesen,
500 471 531 520 in
548 471 662 537 pristim
681 470 781 523 desinit
799 470 876 525 olous
946 506 953 511 -

96 533 215 601 Hispido
233 532 356 593 tendebat
372 538 455 605 bifido
472 540 590 606 vestigio
607 555 698 607 contu,
809 548 811 553 '

97 601 161 670 Qua
178 605 274 674 pristis
292 608 431 657 commisso
448 609 514 658 viro.
537 658 544 671 ,

39 672 150 737 erum,
180 689 247 724 cum
268 676 367 727 eodem
392 684 475 744 pacto
494 676 593 729 decem
610 673 733 747 amplius
750 675 875 727 aliorum
892 676 984 745 poitu-

39 755 92 790 um
111 739 174 790 loca
194 752 293 795 contra
315 744 401 796 iidem
419 744 553 797 codicum
576 743 754 807 immutanda
779 746 850 811 sint,
880 744 985 796 melius

39 816 65 857 st
84 822 203 859 manum
222 812 376 865 abstinere:
406 813 515 882 dequo
534 812 666 881 consule,
691 829 758 865 cnm
775 829 872 881 vacas,
896 813 984 865 diser·
1072 844 1074 849 .

39 875 167 927 {ssimum
185 877 397 935 Broukhusium
414 881 449 934 ad
470 881 619 933 Tibullum
636 882 658 948 1,
678 896 704 948 5.

56 958 103 1010 23.
128 945 249 1014 Denique
267 950 302 998 sit
320 950 389 1018 quod
412 951 454 1001 vis
475 950 587 1018 simplex
604 951 735 1000 duntaxat
752 960 778 1000 et
794 947 887 1014 renum]
926 946 982 999 Ubi

39 1012 96 1061 nod
121 1015 162 1063 vis
188 1014 428 1084 interpretantur,
465 1019 534 1087 quod
562 1020 696 1083 institues,
738 1017 808 1086 qnod
838 1017 981 1082 componis.

39 1088 130 1134 tecte:
149 1082 197 1134 sed
215 1093 243 1135 et
262 1085 349 1155 friget
367 1102 399 1138 ea
415 1085 518 1155 lectio,
539 1096 568 1140 ct
583 1089 614 1139 iu
634 1085 850 1155 ambiguitatem
867 1082 979 1149 incidit,

39 1148 290 1205 timmodulatum
308 1153 403 1206 reddit
414 1152 540 1207 'venum
584 1155 644 1225 Ego
667 1170 734 1208 vero
759 1170 792 1205 ex
815 1151 907 1204 tribus
930 1167 981 1202 no·

39 1216 97 1283 nis,
117 1219 178 1287 Vi‘g.
198 1220 257 1272 Bat.
276 1230 305 1273 at
322 1223 428 1275 Moreti
447 1224 560 1291 codice,
576 1232 604 1275 et
623 1240 656 1275 ex
673 1239 730 1275 uno
747 1221 839 1291 Statii,
858 1218 980 1271 certissi-

39 1301 100 1337 tam
118 1285 173 1338 tibi
190 1288 343 1357 lectionem
365 1295 482 1360 promo}
513 1309 585 1362 quae
609 1292 654 1344 vel
678 1292 739 1342 sine
764 1308 818 1360 ope
837 1290 980 1340 Membra-

39 1364 126 1406 arn'm
145 1363 173 1406 et
192 1356 278 1410 facile
297 1360 422 1410 inveniri
461 1370 560 1427 oteret,
579 1368 608 1411 et
625 1359 739 1415 admitti
757 1359 935 1412 merebatur:

376 1378 506 1497 ompiiora
525 1431 610 1500 coepit
717 1490 721 1499 Ι

88 1493 209 1557 Institui,
230 1506 350 1545 currente
359 1496 422 1547 'rota
441 1500 487 1546 cnr
504 1515 597 1547 urcem
614 1496 691 1548 eoric?
710 1546 716 1553 ,

89 1561 211 1629 Denique
225 1566 259 1613 sit
277 1563 398 1632 quidvis,
417 1565 532 1631 simplex
548 1567 678 1633 duntaxat,
694 1577 720 1615 et
736 1582 827 1615 renum.

39 1630 125 1696 'ergit
144 1631 175 1679 in
193 1630 401 1685 similitudine:
420 1633 594 1701 Amphoram
611 1632 753 1703 incepisti,
775 1648 828 1684 cur
844 1644 901 1681 non
914 1643 979 1706 ,ama
1067 1640 1070 1645 '

39 1696 112 1750 bora
132 1697 204 1764 erit3
223 1700 271 1751 sed
290 1703 397 1769 partim
412 1701 570 1769 amphora,
584 1702 689 1770 partim
708 1701 829 1753 urceus?
855 1698 978 1767 demque

39 1766 127 1817 ridvis
143 1766 187 1832 sit,
207 1768 362 1837 amphora,
384 1768 430 1820 vel
448 1778 556 1836 nrcc'us,
576 1769 622 1822 vel
639 1770 728 1834 obba,
747 1769 794 1824 rel
813 1767 912 1832 cadus,
928 1760 978 1817 ¹'veel

39 1836 148 1896 clium;
169 1835 254 1887 inodo
273 1853 363 1888 unum
382 1836 419 1889 sit
436 1846 464 1888 ct
483 1837 610 1907 simplex.

49 1904 94 1956 26.
133 1902 282 1969 §errantem
311 1905 382 1955 levio
410 1908 487 1956 nervi
514 1906 654 1974 Deficiunt
685 1904 830 1974 animique]
880 1900 977 1956 Codex

39 1969 142 2025 chillis
161 1970 251 2038 Statii,
271 1982 379 2027 mutata
397 1972 521 2041 literula,
854 1998 858 2005 ·

320 2044 469 2099 sectantem
485 2042 563 2097 lenia
581 2044 658 2095 nervi

85 2106 226 2172 Deficiunt
246 2111 388 2180 animique.
413 2146 417 2153 ·
715 2148 718 2153 -
826 2164 830 2169 .

39 2184 118 2249 tram
138 2176 196 2228 iam
220 2179 277 2230 utri
302 2181 515 2249 praeferemus?
544 2180 651 2251 qnippe
672 2179 749 2233 haud
772 2177 869 2230 minus
890 2188 974 2228 sensu

39 2260 102 2296 rom
120 2244 259 2313 scriptura
277 2247 365 2300 altera
385 2250 469 2302 alteri
488 2251 648 2320 propinqua
664 2258 714 2302 est.
748 2248 837 2300 Leria
854 2245 974 2296 carmina

39 2313 206 2371 erentianus
222 2315 341 2373 Maurus
360 2332 388 2385 p.
406 2332 481 2385 ⁹419·
530 2341 541 2366 ι

85 2381 206 2431 Creitcus
224 2384 253 2432 in
271 2386 418 2449 nostriani
434 2384 508 2449 levia
526 2384 654 2439 carmini
671 2400 783 2452 pongor,

119 2449 194 2499 Raro
212 2453 362 2502 invenitur:
380 2453 468 2521 piatis
484 2451 536 2503 huc
555 2453 681 2503 Maronis
701 2466 747 2515 est,

82 2516 196 2569 insulae
215 2520 298 2586 Ionio
315 2520 349 2571 in
366 2537 469 2589 magno
488 2518 638 2591 quas-dira
655 2520 796 2571 Celaeno:

85 2586 205 2636 Creticus
222 2588 333 2655 offendit
350 2607 397 2657 pes
412 2590 521 2655 primus,
539 2597 568 2643 et
585 2596 696 2658 asperat
713 2604 799 2638 aures.

39 2670 57 2705 ι
76 2653 193 2722 quidem
211 2657 364 2710 editiones:
383 2656 432 2709 sed
448 2674 487 2708 no
503 2674 536 2708 en
554 2657 694 2709 alliunctis
711 2654 829 2724 quidem
845 2652 968 2732 scissem,
996 2723 1000 2728 Ι

39 2722 123 2771 bione
140 2740 176 2773 an
195 2725 266 2775 lenio
290 2724 401 2778 dederit
423 2733 537 2778 auctor:
566 2742 632 2777 cum
657 2742 777 2790 asperum
801 2720 877 2792 apud
893 2722 970 2773 lien·

39 2806 65 2843 is
83 2798 112 2841 et
128 2791 182 2843 levi
199 2802 227 2844 et
245 2794 300 2845 leni
316 2804 483 2864 opponetur.
508 2794 622 2847 Terent.
636 2793 737 2853 Heaut.
755 2792 807 2862 Ill,
826 2804 866 2859 51.
885 2807 912 2844 v.
928 2804 967 2854 5⁰·

414 2880 546 2928 asperum,

81 2925 171 2990 Pater,
192 2927 243 2979 boc
260 2943 315 2981 ert:
333 2930 409 2983 alind
427 2928 521 2983 lenius
537 2928 613 2981 sodes
629 2928 698 2979 vide.

39 2993 164 3048 ceretius
180 2998 213 3062 V,
234 3011 308 3067 1379.
669 3006 674 3015 “

79 3062 114 3113 At
130 3063 247 3130 liquidos
264 3068 356 3117 auium
371 3083 457 3118 noces·
468 3067 600 3117 imitarier
616 3083 662 3117 ore
680 3064 684 3072 ¹

78 3133 147 3182 Ante
157 3130 218 3195 fnit
236 3135 425 3202 inulto,‚qnom
442 3134 516 3186 levia
534 3135 663 3186 carmina
678 3134 758 3186 canni
792 3132 795 3139 “

80 3200 272 3251 Concelebrnre
288 3201 410 3253 domines
427 3216 532 3271 possent
549 3220 676 3272 auresque
693 3206 796 3256 iuvare.
826 3262 829 3267 .

39 3268 175 3339 ropertius
194 3268 216 3334 I,
238 3284 263 3339 9.
672 3298 676 3305 ·

79 3336 147 3387 Pius
164 3336 194 3386 in
213 3353 302 3389 amore
318 3338 391 3391 volet
407 3339 565 3392 Mimnermi
580 3357 672 3399 versus
681 3338 814 3411 Homero:

111 3404 248 3457 Carmina
267 3420 420 3459 mansuetus
436 3408 513 3462 lenia
530 3411 634 3479 quaerit
651 3424 733 3461 aanor.
771 3404 780 3425 ⁸

39 3490 115 3527 erum
132 3474 284 3545 utrobique
302 3478 419 3531 turbant
435 3479 546 3533 codices
563 3476 718 3543 nonnulli,
735 3474 801 3529 illic
817 3471 976 3535 lenimina

39 3544 82 3596 ric
99 3540 279 3615 exhibentes,
308 3552 350 3607 ut·
363 3542 403 3601 ad
423 3558 558 3605 neutram
574 3546 791 3622 postem-uses
799 3542 879 3594 losa
887 3542 995 3588 inesse
1026 3602 1035 3609 .
