2250 3990
129 132 178 198 30
315 116 323 129 ’
421 151 451 206 o.
489 150 648 225 aonam
683 136 840 207 rn'ecct¹

134 251 197 302 pam
215 249 246 283 ac
264 230 386 283 delibem.
428 231 491 284 lum
508 248 590 301 vero,
610 230 686 301 prod
707 233 849 285 obiiciunt
855 274 876 301 „
890 248 953 287 aon
970 250 1009 287 ex
1025 236 1099 297 oiim
1117 264 1119 290 ι

135 318 287 369 coronam,
317 301 366 353 sed
389 299 575 355 hederaceam
599 300 645 354 vel
668 300 798 354 lauream
816 301 908 373 po'e‘tis
931 306 1099 377 convenire,

134 373 166 425 id
183 388 249 422 sane
268 369 444 422 levissimum
460 379 510 423 est.
546 372 619 423 Nam
635 386 688 440 pro
707 373 1036 441 rametate·argumenti
1053 392 1098 429 ve·
1113 384 1119 419 ³¹

134 457 192 493 rias
209 437 265 490 sibi
291 439 451 490 adsciscunt
474 456 600 495 coronas.
639 439 758 492 Ovidius
781 439 817 492 de
835 440 992 495 Amoriloue
1010 460 1097 515 senp-

134 520 214 562 turus
232 507 376 626 Nllyrteam
392 508 447 561 sihi
465 509 603 581 postulat,
620 513 703 579 ania
727 508 840 579 Myrtus
856 510 964 563 Veneri
992 508 1095 571 diem

132 581 229 633 Amor.
264 617 272 644 ‚
295 596 317 629 1.
706 584 708 588 ’
1031 598 1034 603 ·
1107 588 1110 593 ·

203 647 318 713 Cingere
334 646 432 697 litorea
441 648 581 713 flaventia
598 658 718 713 tempora
734 652 843 715 myrto,

199 715 298 781 Musa,
315 732 364 784 per
379 716 498 767 undenos
514 715 692 766 emodulanda
707 716 795 782 pedes.

130 787 146 840 1
181 800 221 838 ι.

128 826 155 887 r,
195 799 398 921 5Sustineamque
416 870 491 902 coma
508 856 664 911 metuentem
672 851 785 919 frigora
799 852 942 923 myrtum,

130 930 135 943 '
157 938 163 977 1
233 925 317 992 litque
335 939 353 970 a
370 922 487 972 sollicito
505 923 604 995 multus
621 932 727 971 amante
745 920 831 987 legar.

182 1008 366 1113 ,Firiiiiinen
383 1059 476 1126 operi:
490 1059 609 1125 palmam
628 1060 698 1124 date,
716 1068 796 1125 grata
813 1058 957 1120 iuventus;

230 1131 357 1198 Sertaque
374 1130 501 1179 odoratae
519 1138 628 1194 myrtea
638 1129 713 1194 jerra
731 1143 829 1177 comae.

127 1197 187 1267 Qui
209 1197 306 1250 minus
329 1196 426 1271 itaque
453 1196 488 1246 de
509 1196 626 1247 Athenis
649 1206 678 1247 et
694 1193 810 1247 Pallade
834 1194 993 1248 scribentes
1010 1210 1086 1249 coro·

126 1283 195 1318 narn
212 1265 267 1317 sibi
283 1273 397 1317 sumant
414 1265 523 1331 olivae,
551 1281 623 1333 quae
641 1274 670 1316 et
687 1266 836 1317 Minervae
855 1272 967 1315 sacrata
983 1273 1030 1319 est
1057 1268 1086 1315 et

126 1335 245 1387 Athenis
262 1333 461 1386 nobilissima?
485 1335 574 1384 Porro
592 1342 696 1399 auum,
716 1334 815 1403 quiin
836 1332 1014 1385 Athenarum

125 1402 192 1455 dem
211 1412 270 1454 tarn
289 1412 406 1473 operosa
425 1403 554 1455 carmina
573 1402 818 1471 conscripserunt,
838 1417 885 1452 eos
903 1400 1025 1455 Athenis
1039 1418 1088 1461 aaa·

125 1480 169 1523 tos
186 1472 272 1522 fuisse
289 1471 438 1540 probabile
454 1471 609 1523 admodum
629 1479 678 1524 est.
715 1471 795 1539 Quae
814 1468 905 1536 igitur
923 1470 1043 1537 invidie,
1056 1466 1097 1521 'd'

125 1556 160 1590 ex
188 1540 292 1610 gentili
318 1540 420 1593 arbore
446 1540 584 1593 coronam
614 1539 669 1591 sibi
697 1537 857 1606 elegerint?
891 1546 924 1587 ut
952 1537 1081 1589 decenter

124 1626 193 1661 sane
212 1608 359 1676 Hercules,
379 1610 455 1679 apud
475 1611 619 1676 Senecam,
638 1624 702 1659 rem
720 1607 847 1659 divinam
864 1605 1009 1675 facturus,
1026 1605 1080 1677 ip·¹
1115 1648 1120 1659 .

124 1677 181 1729 sibi
197 1676 350 1749 populeum
366 1694 501 1730 coronam
519 1685 605 1746 aptat,
626 1677 735 1729 Theseo
751 1690 818 1728 vero
836 1673 1026 1745 oleagineam,
1041 1676 1085 1727 nin

124 1756 191 1818 pote
210 1747 391 1800 Atheniensi:
409 1746 526 1799 Hercul.
545 1748 611 1798 Fur.
631 1764 657 1799 v.
677 1754 737 1816 913.
1071 1746 1085 1773 ·'

194 1816 312 1883 Populea
332 1829 438 1867 nostras
456 1817 535 1866 arbor
552 1826 661 1866 exornet
678 1830 785 1864 comas:

193 1884 231 2001 ἐξ
250 1902 340 1935 ramus
356 1884 437 1951 oleae
445 1885 547 1950 fronde
565 1881 668 1952 gentili
688 1894 772 1949 tegat,

226 1970 307 2003 lesen.
646 1992 649 1999 ,

121 2022 222 2089 Neque
238 2035 305 2071 sane
322 2018 414 2087 pluris
431 2027 479 2085 est,
502 2018 576 2088 quod
594 2018 788 2086 interrogant,
819 2014 891 2087 Quis
916 2013 1078 2068 mortalit&

121 2088 163 2140 sic
181 2104 317 2157 umquam
336 2086 447 2138 locutus
463 2094 519 2152 est,
552 2087 717 2153 Praeponere
734 2088 834 2136 olivam
843 2086 950 2152 fronti,
978 2101 1032 2155 pro

121 2156 198 2226 quod
224 2164 279 2222 est,
310 2154 435 2207 frontem
464 2156 526 2207 olea
544 2156 699 2207 coronare?
735 2155 822 2224 Atqui
849 2155 985 2220 imponere
1004 2166 1039 2204 oo
1072 2196 1076 2203 .

120 2240 203 2290 nam,
229 2228 362 2291 imponere
380 2223 525 2292 diadema,
553 2240 619 2274 curn
636 2222 787 2290 Ciceroni,
807 2238 873 2273 cum
891 2220 958 2275 aliis
974 2220 1076 2275 dieu!

121 2301 173 2349 est.
211 2292 312 2361 virgil.
331 2293 383 2344 bis.
403 2293 538 2361 Georgi,
559 2308 618 2360 504·
640 2302 668 2343 et
687 2296 757 2343 Aen.
777 2292 823 2357 IV,
843 2300 904 2355 4¹8·

190 2360 327 2429 Puppibus
344 2375 369 2412 et
386 2362 451 2411 laeti
467 2375 564 2411 nautae
584 2363 747 2430 imposuero
765 2376 886 2410 coronas.

121 2430 197 2500 Quin
217 2439 245 2481 et
256 2431 347 2497 fronti
364 2432 497 2498 imponere
515 2430 587 2481 dixit
604 2428 768 2500 Propertius
786 2429 833 2493 IV,
854 2444 878 2479 2.
914 2460 919 2471 ·

187 2498 248 2549 Nec
258 2500 319 2565 flos
336 2499 408 2548 ullus
425 2498 484 2549 hiat
500 2502 592 2566 pratis,
612 2501 676 2565 quin
692 2498 740 2548 ille
757 2498 881 2547 decenter

163 2582 166 2587 ·
221 2567 374 2636 impositus
393 2567 481 2618 fronti
499 2569 628 2634 langueat
645 2581 705 2617 ante
725 2584 806 2617 meae.

117 2635 227 2706 Quidni
244 2635 341 2705 itaque
359 2643 417 2686 tam
438 2636 539 2686 Latine
557 2635 670 2703 dixeris,
689 2651 853 2703 praeponere
870 2633 971 2683 olivam
978 2628 1071 2751 'mi

137 2720 203 2756 uam
220 2706 355 2771 imponere
374 2704 474 2754 olivam
484 2704 594 2770 fronti?
622 2702 698 2773 Quid
716 2703 821 2754 distat?
850 2700 920 2770 quid
939 2706 1053 2754 interm

114 2722 189 2825 gum
209 2781 285 2822 certe
302 2773 326 2823 si
343 2789 404 2824 rem
424 2773 434 2822 i
457 2790 515 2823 sam
533 2771 701 2839 consideres,
723 2769 805 2823 nulla
825 2786 932 2822 corona
949 2764 1075 2840 impone-³

113 2847 163 2960 {pp
179 2842 283 2961 fropti,
304 2842 376 2908 quin
392 2859 426 2893 ea
447 2858 493 2893 ern
513 2850 541 2892 et
559 2850 760 2911 praeponatur.
802 2838 933 2891 Valerius
958 2838 1079 2899 Placeat.
1102 2836 1107 2841 '

159 2949 169 2977 ’
188 2922 222 2978 43
264 2978 427 3047 glaucaeque
447 2978 530 3028 comis
546 2985 711 3045 praetexere
722 2976 840 3045 frondes

182 3049 226 3096 lm
245 3059 310 3097 ernt.
624 3046 625 3053 ’

109 3113 156 3164 Tu
173 3065 242 3166 veri
261 3114 390 3178 ostende,
419 3112 488 3184 quid
506 3113 667 3183 discrepent
684 3125 838 3181 praeterere
862 3110 978 3181 glaucas
995 3108 1075 3163 frou&

108 3181 171 3246 des,
203 3194 231 3234 et
253 3200 415 3249 praeponere
443 3183 557 3235 olrvam.
606 3184 683 3253 Quin
702 3192 731 3235 et
752 3182 943 3251 praecingere,
973 3178 1073 3234 eedem.
1114 3216 1119 3231 .

107 3248 209 3318 forma,
233 3251 305 3302 dixit
322 3254 428 3303 Seneca
448 3252 551 3303 Medea
568 3270 595 3307 r.
614 3269 655 3321 7⁰·

178 3320 358 3385 Prnecingens
376 3338 449 3369 roseo
463 3332 582 3387 tempora
600 3321 715 3371 vinculo.

107 3386 200 3456 Atque
220 3392 259 3440 ita
279 3386 368 3440 locuti
381 3395 447 3439 sunt
463 3396 492 3440 et
510 3388 623 3455 Graeci,
643 3407 658 3441 a
676 3386 778 3458 quibus
795 3390 896 3442 Noster
915 3388 946 3439 in
960 3382 1081 3457 Gemi-'¹
1112 3414 1119 3453 t

104 3456 190 3511 uilius
217 3458 293 3512 totus
322 3456 445 3529 pendet,
480 3452 674 3525 Παραθέσθαι
706 3452 845 3522 στέφανον
871 3462 933 3520 vaip
958 3448 1081 3520 nepaes·
1111 3454 1119 3468 '
