2250 3990
197 261 202 288 ,
340 225 541 269 casurusne
575 196 650 273 cus.¹
678 158 755 273 ivs.
950 214 1014 280 313

60 331 89 368 ut
106 312 176 381 ille,
204 326 237 362 re
253 309 314 363 iere
332 318 462 375 recente,
489 318 551 360 tum
570 308 602 361 id
618 307 808 377 ignoraverit,
834 313 909 381 quod
927 312 1015 365 hodie

59 382 167 435 iecimo
194 389 223 433 et
248 378 368 449 septimo
395 386 457 447 post
480 377 594 429 saeculo
622 376 704 446 pueri
732 378 871 432 decennes
899 382 1013 433 sciunt?

59 448 322 521 Fidem-hominum
339 446 529 516 appellamus:
549 461 639 516 apage
655 454 713 497 tam
732 463 863 500 vesanam
879 450 1015 519 euspicio·

59 536 139 571 nem:
166 532 323 587 numquam
341 516 411 579 hoc,
441 532 457 563 o
475 510 590 582 Flacco,
620 512 656 565 de
678 522 706 563 te
724 518 888 579 credemus;
910 510 1013 579 ”nitore

59 580 100 639 ἐπ’
118 582 229 642 ἐσθλοῖς
253 575 327 635 τόνδ’
351 574 508 647 ἇποθήσεις
527 577 626 648 ψόγον.
662 580 738 649 Quid
763 584 840 635 cuim
865 586 963 653 vultis,
995 604 1012 638 o

59 654 146 709 boui?
173 652 324 705 nullumne
348 651 453 703 hatsuit,
470 650 628 703 anticorum
653 650 781 706 traciture
805 653 883 707 enim
905 654 939 706 iis
963 671 1014 707 sua

59 724 243 785 sennicurte
267 720 424 773 editionem
446 716 565 775 solebat}
583 719 634 786 qui
652 727 711 770 tam
732 722 917 789 conspicuum
936 739 1014 774 erro.

59 808 122 845 rem
144 788 247 843 tollere
264 797 357 859 posset
379 788 551 840 curvetur?
577 787 628 865 qui
652 795 711 838 tam
735 790 913 841 reconditum
936 806 1014 843 erca-

59 876 128 919 uum
146 858 294 928 proderet,
325 854 395 909 duos
413 854 498 907 fuisse
516 854 677 923 Scipiones,
707 857 879 925 cognomine
906 860 1015 909 Africa·

58 928 129 979 nos?
164 925 190 979 0
208 943 269 977 rem
287 924 461 977 ridiculam?
480 923 529 976 sed
546 924 656 975 interea
676 925 744 987 quid
762 924 827 990 iiet',
848 926 938 981 dices:
958 944 1014 991 quo

58 994 172 1048 tandem
189 1004 273 1063 pecto
291 994 466 1045 Venusinam
491 1001 573 1043 tuum
595 1009 630 1042 ex
648 992 770 1043 erimine
787 992 920 1047 evolvas?
954 996 1014 1061 Ego

58 1080 122 1115 sero
141 1078 208 1113 cum
226 1064 319 1130 prisco
330 1062 436 1115 Catone
455 1058 646 1126 Carthaginem
663 1061 802 1111 delendam
821 1080 876 1112 esse
894 1080 1013 1125 cenaeos

58 1140 84 1184 et
100 1132 199 1201 spurio
216 1131 270 1184 illo
287 1147 370 1184 versu
387 1128 512 1196 abolito,
537 1130 578 1179 sic
595 1138 703 1180 ceteros
721 1130 926 1185 continuandos
945 1148 1012 1200 esse,
1085 1148 1088 1153 ·

441 1214 489 1247 neo
508 1198 605 1247 celeres
616 1197 712 1263 fugae,

125 1270 302 1336 Reieotaeque
320 1278 463 1317 retrorsum
481 1263 644 1315 Hannibalis
661 1266 756 1329 minae,

126 1340 194 1390 Eius
214 1338 258 1405 qui
273 1336 377 1386 'domita
396 1352 492 1385 nomen
511 1334 542 1383 ab
563 1333 665 1399 Africa,
832 1380 835 1385 .
919 1378 922 1383 ,

58 1409 187 1475 Agnosco
214 1404 293 1457 enim
316 1419 428 1455 versum
446 1400 625 1453 Monaehalis
649 1400 733 1469 plane
756 1402 834 1469 genii
852 1412 881 1455 et
900 1402 1013 1457 coloris.

58 1475 175 1527 Praeter
192 1474 269 1525 enim
289 1465 483 1537 dusoeopnoinc
499 1470 620 1534 crimen,
639 1468 720 1521 cuius
735 1470 794 1523 iam
813 1488 879 1522 eum
899 1472 1016 1525 damna-

58 1545 159 1608 vimus,
179 1550 277 1613 peccat
293 1542 410 1607 insuper
428 1537 559 1589 adversus
576 1538 712 1588 carminis
730 1555 891 1591 mensuram
909 1550 937 1591 et
954 1558 1016 1592 mo·
1062 1552 1066 1561 ¹

58 1611 246 1663 dulationem.
284 1606 399 1675 Quippe
416 1606 502 1656 metri
521 1604 606 1654 huius
623 1604 733 1655 indoles
750 1616 778 1656 et
796 1608 952 1659 artificium
971 1626 1016 1659 re·

57 1680 165 1749 quirit,
196 1687 228 1728 ut
252 1674 360 1744 syllaba
383 1671 486 1723 ultima
502 1672 689 1739 cuoriambi,
715 1671 748 1723 in
770 1690 827 1742 qua
849 1690 963 1729 caesura
987 1684 1017 1728 et

57 1764 148 1818 pausa
168 1747 208 1811 tit,
229 1760 326 1795 vocem
342 1740 493 1793 terminet:
513 1749 555 1805 ut,
663 1746 666 1761 ¹

129 1817 212 1864 Dona
233 1812 238 1879 Ι
261 1821 440 1877 rern'pateras
462 1807 467 1875 Ι
487 1820 617 1875 gerereque
636 1810 786 1861 commodus
846 1862 849 1869 ,

132 1884 216 1932 Censo
240 1878 244 1947 Ι
268 1880 324 1928 rinc
344 1876 410 1926 meis
429 1875 434 1945 Ι
457 1894 522 1925 nera
537 1875 682 1927 sodalibus.

57 1952 227 2017 Numquam
251 1964 287 1998 ne
304 1944 392 1999 semel
415 1944 530 2014 quidem
553 1942 733 2007 (soienshoo
749 1946 874 2007 affirmo)
893 1944 1019 2001 discessit
1099 1936 1102 1943 ¹

57 2023 95 2071 ab
114 2015 170 2067 hac
188 2015 288 2084 regula
305 2014 420 2081 Noster,
437 2012 479 2081 ¹iu
497 2029 578 2063 versu
596 2012 791 2080 Asclepiadeo.
826 2012 948 2082 Captum
964 2016 1018 2068 ita·
1062 2064 1065 2075 ,
1090 2028 1093 2033 ’

57 2103 116 2155 que
135 2095 263 2149 tenemus
280 2082 484 2147 tenebrionem,
505 2081 553 2149 qui
570 2080 721 2132 modorum
737 2090 766 2133 et
783 2084 850 2134 artis
868 2085 1018 2153 imperitus

58 2171 208 2208 caesuram
227 2153 257 2203 in
278 2150 374 2203 media
392 2166 459 2201 voce
478 2147 632 2216 coustituit,

132 2223 198 2272 Non
216 2223 244 2272 in
266 2223 270 2286 Ι
290 2220 384 2269 cendia
405 2218 457 2267 Car
478 2216 483 2284 Ι
505 2216 625 2283 rheginis
642 2218 754 2283 impiae:
780 2230 783 2235 '

58 2292 138 2362 quod
160 2289 242 2358 quale
267 2288 303 2339 sit
327 2286 485 2355 flagitium,
513 2286 535 2335 ii
559 2286 674 2335 demum
699 2287 938 2353 animadvertent,
967 2290 1018 2358 qui

58 2377 162 2413 ararem
181 2358 296 2424 habent,
315 2364 343 2407 et
362 2354 463 2423 quibus
479 2353 551 2406 olim
568 2355 746 2406 nascentibus
763 2358 887 2423 propitia
907 2357 1018 2424 Melpo·

57 2445 148 2482 suene
166 2424 265 2478 adfuit.
300 2423 394 2475 Aliter
418 2432 513 2473 autem
531 2439 559 2472 se
578 2439 621 2472 res
641 2421 726 2474 hauet
750 2426 859 2490 (nequis
876 2427 949 2476 torte
967 2428 1017 2477 hic

58 2505 141 2549 erret
158 2495 285 2561 ignarus)
304 2493 335 2543 in
353 2506 435 2543 versu
452 2490 580 2560 proxime
598 2492 790 2556 antecedente,

132 2564 308 2629 Reiectaeqne
326 2573 466 2610 retrorsum
477 2558 649 2637 ,Hannibalis
664 2560 760 2609 minae.
1026 2596 1029 2603 ,

58 2635 127 2686 Non
148 2632 225 2681 enim
244 2634 288 2691 (ut
304 2629 398 2697 prima
414 2626 508 2677 ironte
531 2625 622 2677 videri
647 2626 743 2693 possit)
769 2626 893 2679 mediam
914 2627 954 2679 ibi
972 2648 1020 2683 vo·

58 2719 128 2753 cem
150 2698 275 2750 diffindit
293 2712 416 2747 caesura.
459 2694 572 2763 Quippe
599 2694 630 2743 M
656 2692 739 2745 litera
762 2710 829 2747 cum
853 2696 944 2749 vocali
969 2716 1020 2751 sua

56 2769 205 2832 reiicitur,
226 2776 253 2817 et
272 2763 391 2835 perinde
409 2770 450 2813 est
469 2779 502 2813 ao
520 2765 541 2813 si
560 2762 600 2811 sio
618 2762 796 2827 scriberetur,

135 2838 216 2886 Reice
237 2840 241 2903 Ι
262 2848 354 2901 raeque
372 2844 471 2881 retrors
491 2828 497 2893 Ι
521 2829 684 2880 Hannibalis
701 2833 804 2880 minae:⁸

58 2903 226 2958 cuiusmodi
243 2904 275 2954 in
292 2909 350 2953 toto
369 2915 455 2970 opere
473 2906 538 2950 sunt
556 2898 588 2949 hi
606 2896 754 2962 duntaxat,
785 2896 835 2967 qui
853 2912 1017 2974 sequuntur,

59 2977 75 3027 Ι
110 2990 153 3029 21.

78 3016 86 3042 ’
133 3042 188 3093 Hic
208 3038 307 3090 bellum
323 3039 448 3089 lacrimas
468 3033 473 3105 Ι
497 3053 541 3085 um
559 3033 604 3085 hic
622 3036 745 3087 miseram
755 3034 868 3104 samem.

58 3124 99 3180 24

60 3148 112 3299 ΠΙ
135 3176 260 3226 Auditum
277 3172 395 3223 mederer
417 3170 423 3241 Ι
443 3190 458 3225 e
478 3170 615 3222 arboribus
625 3169 722 3237 fidem.

113 3287 121 3313 ,
144 3261 184 3308 24.

136 3313 221 3363 Proui
237 3322 297 3361 sunt
315 3309 427 3359 clement
447 3307 453 3378 Ι
474 3326 491 3357 a
511 3320 537 3359 et
554 3318 659 3359 tenerae
678 3308 765 3359 nimis.

63 3396 101 3451 30

137 3450 226 3513 Exegi
242 3438 393 3497 monument
415 3444 420 3512 Ι
439 3464 483 3496 nm
499 3463 558 3496 aere
574 3445 724 3509 perennius.

143 3517 245 3567 ruatis
262 3515 364 3565 Libitin
384 3514 390 3584 Ι
415 3532 457 3565 am
478 3532 557 3585 usque
576 3529 623 3577 ego
640 3526 753 3577 postera.

141 3585 277 3653 Regnavit
293 3582 406 3653 populor
426 3582 432 3655 Ι
455 3601 498 3634 uus
516 3580 776 3651 triturationem.
