2250 3990
755 150 768 183 ἱ

329 210 535 287 ’κεκκῐοκκκκ
566 244 635 289 uir.
665 224 704 295 11,
740 242 770 305 3.
879 246 882 251 ·
970 186 1033 293 44⁵

57 344 161 387 eram
186 324 378 396 pronunciare
395 342 452 378 non
470 335 611 397 poterant,
629 324 712 378 Balbi
731 334 760 377 et
776 325 868 381 Blaesi
886 327 1034 408 cognomi·
1086 366 1090 385 κ

57 398 235 463 labentum
264 396 304 446 ita
330 397 376 459 (ut
396 395 470 447 mihi
493 395 618 457 videtur)
641 396 676 448 ab
694 394 830 445 hirrienda
850 396 929 447 Hirri
948 394 1033 449 voca·

57 474 191 533 santur,
222 462 272 533 qui
295 463 321 515 R
344 465 431 515 nimis
454 464 556 516 crebro
582 473 611 515 et
626 462 713 515 nimis
732 463 842 515 duriter
859 464 1031 519 efferebant:

57 533 168 607 [itales
189 530 260 603 aliur¹
276 531 394 583 fuerunt
403 532 576 595 Eretrienses
594 540 623 584 et
638 531 865 596 Lacedaemonii,
880 522 937 601 iqui
954 536 1032 600 σκλη-

57 598 169 675 ιοτὴρ,
187 595 289 666 stada
307 595 447 669 βασιλέαρ,
466 596 523 667 ctio
541 596 680 668 drjcooapp
692 608 721 651 et
737 600 843 651 similis
860 606 1032 668 pronuncia·

57 678 156 735 sunt,
208 684 241 720 ro
265 667 354 736 sigma
378 667 536 720 identidem
560 669 613 721 rho
637 676 781 739 ponentes.
815 667 915 719 leuu
937 670 1033 737 itaque

57 747 85 791 st
120 736 180 788 Bal
199 754 230 786 us
257 738 400 788 contraria
432 736 549 807 linguae
573 736 644 789 vitia
668 744 783 791 notant:
818 736 895 787 unde
922 736 1032 803 Cicero,

57 814 171 877 utpote
190 804 276 856 Hirro
302 804 473 874 competitor
497 814 525 855 et
546 804 697 872 inimicus,
716 803 847 871 ,Balbum
870 820 899 855 se
917 820 975 859 esse
993 805 1035 857 io·

57 889 137 929 rose
159 872 250 939 dicit,
279 881 364 941 atque
383 872 452 924 adeo
489 888 521 925 ro
540 872 623 925 Hirro
641 861 746 924 Hilliim
764 870 943 943 pronunciat„
979 872 1035 925 Sed

57 953 230 1009 atcumque
253 940 309 992 hoc
332 936 435 1007 fuerit3
463 892 537 993 iilud
561 956 665 1009 quaeso
690 958 774 1011 quam
799 940 970 992 incredibile
992 948 1035 992 ert

57 1012 196 1079 ilirrum
221 1006 321 1076 illum,
350 1008 410 1060 iem
433 1018 466 1061 ut
488 1009 647 1063 verisimile
670 1018 712 1077 cst
729 1019 892 1075 mortuum,
924 1010 960 1062 ab
979 1010 1037 1061 Ho-

57 1078 147 1132 ratio
185 1076 234 1127 hio
260 1075 400 1145 sugillari.
449 1077 569 1149 Scripsit
596 1078 678 1130 enim
707 1076 863 1148 Epistulam
893 1094 956 1131 cam
987 1077 1036 1129 Ci-

57 1162 142 1201 :ero
162 1148 195 1197 Α.
214 1147 245 1196 V.
266 1145 297 1195 C.
315 1161 374 1213 702.
401 1146 520 1201 Horatio
539 1156 599 1199 tum
619 1162 708 1229 puero
726 1145 928 1217 quindecenni.
957 1144 1035 1215 Quid

57 1213 193 1271 sutem?
218 1212 330 1265 nulline
350 1222 411 1267 tum
428 1214 506 1267 balbi
523 1214 645 1267 in'virrs
661 1225 742 1267 erant
761 1215 875 1281 Romae,
895 1230 963 1283 quos
984 1212 1042 1268 bo·.

57 1282 184 1339 mettius
204 1281 355 1333 nominare
373 1292 493 1352 poterat,
513 1284 536 1335 si
556 1282 642 1335 berno
659 1282 753 1353 lippus
770 1283 887 1333 bellium
902 1280 1035 1333 deridere

57 1349 216 1423 gestiret?
243 1350 319 1418 Quid
335 1351 412 1419 qnod
431 1369 492 1403 nou
508 1351 620 1403 Horatii
637 1352 709 1403 haec
726 1352 811 1403 uerita
828 1359 901 1417 sunt,
920 1349 969 1402 scd
986 1366 1036 1419 pa·

57 1428 206 1473 rentum:
237 1434 306 1486 quos
329 1418 509 1471 mollioribus
526 1421 566 1470 ait
582 1419 746 1471 nominibus
762 1420 889 1470 liliorum
906 1419 976 1471 vitia
992 1432 1036 1470 so·
1071 1422 1075 1433 “

57 1488 128 1541 lari
158 1493 188 1535 et
211 1502 343 1541 excusare.
369 1486 476 1541 solitos.
521 1486 623 1556 Atqui,
661 1489 685 1538 si
707 1487 802 1538 lilium
826 1486 1037 1539 balbutientem

57 1556 186 1609 facetus
205 1562 284 1631 pater
303 1552 414 1605 Hillum
433 1556 625 1621 cognominet,
645 1572 705 1607 non
721 1564 780 1606 tem
797 1554 930 1620 Hirrum,
950 1570 1037 1625 quam

57 1624 187 1677 Filium
206 1636 301 1690 ipsum
325 1620 513 1674 deridendum
539 1623 681 1692 propinet.
727 1621 826 1672 Valeat
847 1623 942 1691 itaque
969 1637 1039 1674 con-

57 1693 201 1754 iecture,
223 1688 381 1739 sentcntiae
399 1691 523 1742 auctorit
541 1706 653 1758 proruas
671 1690 828 1742 contraria:
848 1706 946 1759 neque
959 1698 1037 1752 tero,

60 1761 95 1813 si
117 1767 218 1811 cetcra
243 1757 340 1807 omnia
356 1765 434 1807 recte
458 1758 661 1827 procederent,
694 1756 866 1809 constructio
884 1756 946 1825 ipsa
963 1765 1039 1808 stare

58 1858 61 1867 ·
92 1832 182 1879 osset.
218 1822 334 1887 Hillum,
352 1823 482 1875 balbutit:
499 1825 519 1876 i.
537 1842 562 1877 e.
580 1827 605 1876 si
622 1824 744 1877 balbutit.
778 1825 857 1892 Nego
875 1840 942 1877 vero
958 1825 984 1875 si
1000 1823 1039 1874 il·

64 1846 132 1945 fud
154 1888 332 1959 subintelligi
349 1890 398 1943 hic
417 1910 512 1963 posset
538 1894 629 1965 repeti
655 1892 735 1945 enim
752 1890 894 1972 oportuit;
922 1891 1041 1961 nisi-ip·

69 1978 146 2014 sum
178 1974 291 2028 qiioquc
317 1961 451 2015 Flaccum
467 1962 540 2014 ‘date
563 1980 651 2032 opera
674 1962 817 2013 balbutire
842 1969 870 2011 et
892 1959 1041 2013 incondite

72 2027 165 2098 loqui
192 2028 392 2079 existimemus.
438 2030 530 2101 Atque
557 2030 627 2083 haec
653 2031 768 2101 quidem
797 2037 895 2080 contra
917 2029 1040 2097 Rutger·

75 2098 157 2153 sium
176 2094 274 2165 paullo
291 2095 466 2165 accuratius,
502 2108 619 2169 propter
637 2114 779 2152 summurn
801 2096 861 2149 viri
884 2096 992 2149 famam
1011 2103 1041 2148 et

79 2165 291 2218 auctoritatem.
326 2165 442 2234 Alioqui
462 2168 569 2219 nodum
587 2167 619 2219 iu
637 2169 731 2238 scirpo
751 2172 882 2237 quaeret,
912 2165 1040 2235 quitum
1078 2200 1086 2211 ·

81 2234 163 2286 clara
180 2241 209 2283 et
225 2233 374 2303 perspicua
390 2233 544 2287 sollicitare
560 2236 638 2304 velit,
863 2230 868 2239 “

236 2297 307 2352 bunc
325 2320 428 2367 aarum,
446 2302 722 2363 distortislcruribus:
738 2304 817 2355 illum
894 2320 897 2327 ·

90 2412 94 2421 ,
154 2368 275 2420 Battum
295 2370 431 2437 Scaurum,
452 2374 543 2439 pravis
552 2372 657 2438 fultum
674 2374 744 2422 mole
761 2373 833 2423 talis.

85 2438 165 2489 illum
183 2436 261 2487 enim
279 2437 315 2488 ad
334 2436 405 2488 bunc
422 2456 455 2489 en
475 2440 602 2509 opposito
619 2441 758 2506 refertur,
783 2449 810 2491 et
828 2437 938 2492 erudite
954 2439 1041 2493 Seno·

87 2506 203 2571 tianae,
230 2506 367 2570 Suaviter,
393 2506 487 2572 aiunt,
508 2509 576 2557 dicit
592 2508 719 2560 Balbutit
735 2509 888 2560 Scaurum:
914 2508 953 2557 sic
971 2510 1043 2557 enim

88 2575 255 2625 blandientes
269 2573 416 2639 infantibus
431 2575 565 2642 insingere
584 2575 666 2645 (lege,
686 2577 843 2642 iufringere)
862 2576 982 2640 linguam
999 2591 1043 2624 so-

88 2643 160 2706 lent,
180 2654 210 2691 ut
227 2643 303 2708 quasi
320 2658 363 2692 eos
381 2644 524 2695 imitentur.
559 2643 634 2714 Quid
652 2644 774 2713 amplius
795 2642 956 2693 desideres?
990 2640 1043 2713 Oc-

87 2709 260 2763 laberrirnus
277 2719 373 2761 tamen
390 2712 553 2777 Dacierius,
574 2720 605 2763 ut
621 2713 771 2764 balborum
789 2711 890 2762 vitium
909 2708 1045 2761 urbanius

88 2789 119 2832 et
137 2777 236 2830 salsius
253 2779 435 2847 exprimatur,
455 2780 497 2833 sic
515 2780 725 2835 emendandum
741 2796 799 2833 csse
818 2779 999 2848 Pronuntiat,

158 2846 279 2896 Balbutit
294 2847 438 2900 Scaulum.

89 2916 142 2970 ubi
159 2914 265 2979 miror,
296 2931 348 2966 cur
371 2933 429 2969 non
452 2915 553 2969 itidem
573 2916 666 2967 valum
682 2932 735 2986 pro
758 2916 856 2964 Varum
872 2912 1044 2983 reposuerit;
1064 2934 1067 2939 ·

89 2985 200 3053 quippe
219 2983 337 3034 verbum
361 2984 476 3035 balbutit
499 2985 613 3055 utrique
639 3000 790 3036 commune
814 2990 864 3034 est.
907 2981 961 3033 Sed
985 2982 1048 3032 fru-

89 3061 197 3105 stratur
215 3067 244 3101 sc
261 3060 289 3102 ct
306 3050 444 3104 lectorem
462 3053 506 3105 vir
524 3062 617 3107 cetera
636 3053 807 3118 ingeniosus.
843 3046 940 3121 Neque
957 3051 1044 3117 enim,

89 3119 326 3237 siApistophanes
339 3119 380 3173 sic
393 3120 572 3174 Alcibiadem
589 3121 746 3173 introducit
762 3119 855 3173 blaesa
871 3118 1045 3189 loquentem,

91 3203 127 3240 iu
172 3205 199 3238 es
222 3204 244 3237 is
285 3223 292 3236 .
330 3202 369 3242 ια.

163 3205 247 3325 Otila,
264 3204 376 3335 lutilos
392 3252 445 3324 τὴν
461 3254 586 3326 κεφαλὴν
603 3254 722 3318 κόλακος
744 3252 804 3325 ἔχει,

92 3323 173 3376 utin
193 3340 260 3374 voce
277 3324 396 3385 κολακος
415 3341 466 3393 pro
484 3322 604 3394 κόρακος
621 3327 718 3379 iocum
735 3335 874 3396 captaret:
893 3324 1002 3379 idcirco
1019 3332 1049 3377 ct

92 3391 229 3444 Horatius
246 3391 300 3442 hoc
318 3391 410 3445 blaesa
428 3394 528 3446 efferre
546 3395 672 3465 debuit,
687 3396 738 3446 ubi
761 3395 842 3448 nullu
864 3394 966 3447 similis
989 3391 1050 3446 ioci

92 3459 215 3512 tristeris
233 3470 286 3512 est:
305 3460 373 3529 quid
392 3462 470 3514 enim
487 3462 630 3533 significat
649 3456 782 3515 Sc‘aulus?
811 3466 844 3514 ln
862 3463 1049 3531 Aristophane

93 3527 212 3599 quidem
231 3529 373 3580 urbanum
392 3539 466 3584 erat:
497 3532 528 3583 in
553 3542 648 3585 nostro
691 3532 803 3584 utidum
826 3532 900 3582 {oret
916 3539 944 3581 et
961 3528 1048 3581 insul·

94 3612 168 3648 sum.
203 3597 301 3666 Neque
319 3615 387 3650 vero
405 3599 513 3666 balbus,
533 3610 561 3654 et
580 3602 711 3653 balbutire
728 3617 818 3651 unum
837 3596 968 3668 idemque
985 3607 1050 3649 siant

94 3680 133 3729 ac,
148 3663 258 3717 Graece
274 3664 326 3720 illa
345 3662 464 3737 τραυλὸς
481 3680 509 3723 at
526 3670 693 3740 cucullium
720 3669 751 3721 id
769 3666 844 3738 qiiod
859 3668 928 3720 satis
943 3666 1059 3719 iudicet
