2228 3900
373 80 382 99 '
423 114 641 167 rnrnrrrro.
682 126 685 131 ·
965 124 1014 167 xv

54 211 152 273 ticnm
171 215 207 267 et
230 192 479 286 Epistularum
495 202 623 264 librum
645 200 815 273 alterum,
848 206 942 269 annis
963 210 1015 271 in.

55 304 142 359 serris.
190 292 284 352 lutra
309 291 370 351 hos
397 288 555 351 cancellos
577 290 725 349 omnium
748 290 935 369 poe'matiau
957 316 1014 357 na·

53 384 213 445 tolerasse
237 378 425 459 ponendos,
460 384 561 437 et‘ex
588 378 783 454 argumentis
810 378 1014 457 singulorum

51 482 141 530 etex
163 466 348 525 Annalium
368 461 433 522 fide
456 461 619 523 constabit
667 460 745 523 luds
773 474 838 532 est,
870 469 954 544 quod
978 472 1014 529 in

50 551 261 616 sermonibus
285 560 318 609 et
338 547 454 630 Epodis
475 560 508 607 et
528 546 718 607 Carmiuum
740 542 855 627 primo.
882 552 1015 615 Caesar
1052 556 1055 563 '

53 659 185 721 semper,
209 655 382 715 nunquam
404 637 587 714 Augustus
606 634 744 707 dicitur-3
767 637 882 715 quippe
903 641 958 718 qui
979 642 1014 699 id

55 746 168 789 nomen
191 728 383 783 'consecutus
403 734 459 796 est,
478 740 563 780 anno
585 720 718 779 demum
732 718 840 781 Flacci
861 721 1012 799 XXX1X3

53 816 82 875 in
108 808 321 891 sequentibus
354 826 428 868 vero
463 807 576 886 passim
607 800 792 884 Augustus
823 811 1010 887 appellatur.

52 899 127 961 lude
151 910 218 969 est,
258 893 344 975 quod
370 895 407 955 in
429 890 635 952 sermonibus
659 905 691 951 et
710 891 827 971 Epodis
850 896 1014 979 iuvenem

51 1007 81 1047 se
99 985 225 1063 ubique
246 981 386 1052 indicam
414 990 447 1038 et
465 978 548 1060 quod
568 978 633 1038 sola
652 977 825 1039 Satirarum
848 980 943 1040 laude
965 985 1015 1043 in-

54 1072 202 1133 claruisse
232 1087 266 1128 se
294 1067 388 1139 dicit,
425 1077 460 1124 ut
487 1064 712 1125 Bucolicorum
740 1078 810 1125 tum
840 1066 1014 1147 Virgilium

56 1154 217 1233 (Sermgh
234 1170 282 1215 ιο.
296 1172 321 1215 v.
337 1151 405 1228 46.)
426 1150 517 1211 nulla
528 1148 718 1235 Lyricorum
731 1154 898 1213 mentione
920 1154 1013 1217 lacta.

55 1244 90 1303 ln
112 1242 228 1302 ceteris
248 1250 360 1300 autem
381 1238 512 1317 singulis
538 1237 735 1318 procedentis
764 1241 873 1300 aetatis
900 1244 1015 1321 gradus

57 1327 247 1411 planissimis
274 1325 370 1405 signis
397 1324 532 1384 indicat:
566 1323 663 1403 idque
691 1323 751 1401 tibi
779 1344 820 1385 ex
844 1325 905 1385 liae
934 1333 1016 1389 serie

56 1416 121 1475 iam
148 1434 168 1473 a
198 1431 255 1473 me
280 1413 493 1472 demonstrata
521 1411 699 1469 iucundum
729 1411 790 1471 erit
818 1414 1016 1475 animadver-

57 1514 141 1572 tere3
178 1518 257 1559 cum
287 1497 435 1578 operibus
460 1495 654 1557 iuvenilibus
676 1497 778 1555 multa
806 1496 962 1561 obscaena
985 1514 1018 1563 et

59 1586 210 1667 flagitiosa
233 1585 347 1654 insint3
371 1594 488 1663 quanto
514 1584 800 1662 annisprovect-ior
821 1599 905 1657 erat,
928 1599 1017 1648 tanto

60 1692 138 1733 sum
165 1670 349 1750 etrpoiitica
377 1669 491 1729 virtute
519 1682 550 1729 st
576 1683 838 1748 argumentorum
863 1672 1017 1750 dignitate

62 1758 270 1838 gravitateque
291 1754 462 1825 meliorem
485 1759 713 1833 castioremque
734 1760 858 1832 semper
881 1754 1018 1823 erasisse.

64 1842 216 1903 Ceterum
248 1843 445 1923 ubicumque
477 1841 534 1901 viri
569 1841 746 1899 doctissimi
774 1852 860 1899 extra
895 1842 1017 1905 limites

61 1928 119 1990 hic
139 1929 252 2009 positos
270 1930 305 1989 in
326 1928 525 2006 adsignandis
545 1926 740 2004 temporibus
764 1940 948 2003 evagantur,
971 1943 1017 1991 to·

67 2016 126 2074 ties
159 2015 207 2073 illi
240 2014 274 2074 iu
309 2033 432 2074 errores
463 2013 681 2093 prolabuntur.
745 2011 851 2071 Facile
886 2017 1017 2095 quidem

65 2100 147 2161 milri
170 2101 250 2160 foret
276 2100 310 2159 id
338 2102 374 2159 in
402 2101 531 2179 singulis
560 2101 740 2169 ostendere,
774 2118 884 2158 verum
913 2122 1017 2165 unum

63 2190 159 2248 modo
178 2187 354 2246 alterumve
376 2185 430 2244 hic
449 2190 612 2263 attingam,
635 2196 737 2243 cetera
751 2196 824 2243 tuae
844 2188 1017 2250 industriae

62 2274 248 2352 relinquens
311 2271 401 2330 Libri
428 2270 451 2333 l.
481 2270 619 2330 Carmen
649 2288 706 2342 21,
742 2272 897 2332 Dianam
925 2288 1017 2337 tens·

67 2380 125 2419 ras
147 2360 260 2419 dicite
286 2355 460 2436 Virgines,
494 2376 658 2437 perperam
683 2358 874 2418 Saeculare
896 2376 1016 2434 vocans,

72 2461 101 2503 et
120 2445 159 2504 ad
175 2443 305 2502 Horatii
325 2462 444 2503 annum
459 2442 570 2502 XLlX.
594 2442 754 2520 referunt3
777 2444 920 2521 ringente
941 2446 1018 2506 Sue·

67 2533 169 2599 tonia,
208 2531 265 2608 qui
291 2542 353 2589 tres
376 2528 562 2588 Carminurn
585 2528 680 2587 libros
703 2530 807 2606 longo
831 2532 1018 2594 intervallo

68 2637 141 2677 eum
165 2634 290 2673 annum
312 2618 507 2696 praecessisse
530 2627 666 2674 testatur.
710 2618 807 2692 Atqui
830 2616 910 2676 nihil
933 2623 1019 2697 quic·

71 2721 165 2781 quarn
187 2701 240 2760 liic
263 2701 302 2759 de
326 2703 574 2762 Saecularibus
596 2701 677 2759 ludis
698 2703 855 2778 proditurs
891 2705 943 2763 sed
966 2719 1020 2767 aut

10 2832 12 2839 ·
70 2790 105 2847 ad
129 2787 253 2847 Dianae
275 2800 329 2846 ant
351 2789 505 2866 Apollinis
528 2790 642 2846 festum
664 2798 797 2864 spectat,
826 2807 961 2866 quorum
982 2793 1020 2852 il.

10 2878 12 2903 ⁵
71 2873 125 2932 tud
153 2892 264 2933 mense
287 2875 438 2951 Augusto,
473 2874 533 2932 hoc
556 2874 638 2931 lulio
666 2872 794 2949 singulis
820 2879 911 2934 annis
939 2879 1019 2938 cele.

75 2959 230 3024 litabatur.
281 2957 402 3019 Eodem
427 2962 564 3038 pertinet
590 2957 709 3017 Catulli
735 2978 863 3018 carmen
893 2962 1018 3037 XXXV,

77 3046 216 3105 Dianae
240 3066 351 3106 sumus
379 3049 417 3106 in
442 3047 531 3122 fide3
567 3044 649 3122 quud
672 3045 863 3105 Saeculares
884 3051 1019 3111 etiamn

79 3134 148 3190 siris
171 3133 269 3192 doctis
298 3133 431 3212 pessime
458 3130 659 3199 inscribitur;
692 3150 766 3188 cum
796 3132 878 3190 nihil
907 3136 953 3195 ihi
982 3138 1021 3198 de

81 3218 221 3277 Saeculo
245 3217 411 3289 habeatur,
434 3219 521 3296 isque
542 3219 596 3274 diu
619 3216 704 3274 diem
728 3215 841 3276 obierit
862 3234 934 3277 ante
958 3220 1018 3283 Lu.

16 3321 21 3359 t
84 3302 127 3361 dos
149 3307 278 3380 Augusti
299 3304 485 3365 Saeculares.
533 3303 619 3361 Tum
642 3316 673 3360 et
696 3302 735 3372 lt,
763 3308 901 3383 iysArl
924 3308 1007 3368 Mas

19 3432 23 3466 ;
87 3405 228 3450 cenarem
251 3407 441 3472 aegrotum,
466 3393 601 3449 immani
624 3386 878 3468 parachronismo
905 3396 940 3450 ad
957 3394 1019 3451 llo-

19 3468 27 3589 l

10 3595 28 3735 κ’

88 3478 146 3534 tatii
179 3495 298 3539 annum
327 3479 393 3541 LV.
425 3477 507 3535 ultra
536 3475 611 3536 libri
637 3476 738 3554 quarti
765 3487 907 3559 tempora
935 3479 1022 3542 able·
