2250 3990
370 251 573 296 canianum
609 249 683 293 cre.
717 229 744 295 l.
799 224 802 235 '
992 242 1032 307 11

70 334 118 387 Ita
133 349 245 387 summo
262 349 403 387 consensa
421 348 519 386 omnes
536 332 644 401 ubique
655 330 781 387 codicem
799 342 832 388 ut
848 334 955 392 melius
971 339 1033 412 opl-
1057 394 1062 401 ,

70 419 128 457 nor
143 403 234 456 luerit
245 411 393 473 receptam
404 402 487 456 toties
506 401 664 454 lectionem
673 417 733 455 non
743 410 851 457 temere
862 406 1031 463 sollicitare.

107 622 149 677 18.
173 610 232 680 Qui
247 611 328 663 siccis
344 606 430 665 oeulis
446 621 567 663 monstra
590 609 726 677 natantia]
748 609 885 679 Egregius
904 630 972 667 vero
982 612 1035 669 'lo-

70 697 132 750 ωε,
149 688 184 731 ut
202 688 233 732 et
248 688 343 732 totum
360 695 426 733 taire
445 695 561 732 carmen
580 695 638 730 non
650 677 780 747 uulgaris
799 690 839 730 est
857 664 975 751 spiritus
991 692 1040 736 at:

72 747 234 819 quecrtie:
252 757 302 801 aut
318 756 414 800 tamen
432 747 529 801 omnia
546 764 593 798 me
613 744 728 812 fallunt,
749 756 798 800 aut
814 754 861 798 tur
881 765 898 800 e
914 749 964 802 hic
980 753 1034 806 enh

72 816 151 887 pelle
167 819 274 870 decora
291 819 428 869 mendum
446 816 597 879 delitescit.
636 815 785 868 Videamus
803 815 854 886 qui
891 819 936 872 rei
952 818 1005 879 eit:

141 886 195 938 Illi
215 886 298 936 robur
316 899 342 936 et
360 904 405 937 aes
422 887 520 953 triplex
678 942 683 947 .
815 888 819 894 '

113 992 116 997 -
180 955 262 1015 Circo
280 967 371 1022 peetus
391 964 463 1017 erat',
485 955 531 1022 qui
538 950 676 1021 fragilem
694 954 765 1004 truci

92 1058 102 1073 .
145 1023 289 1074 Commisit
304 1024 402 1091 pelago
420 1036 505 1074 ratem

61 1100 66 1109 '
137 1101 144 1116 ⁶
181 1091 305 1153 Primus5
322 1122 335 1132 ·
352 1122 364 1132 -

144 1157 236 1228 Quem
253 1160 347 1210 mortis
363 1159 453 1210 timuit
469 1158 592 1225 gradum,

152 1267 156 1275 .
179 1227 239 1297 Qui
253 1227 336 1280 siccis
353 1227 445 1280 oculis
462 1239 583 1277 monstra
597 1226 729 1291 notantia,

144 1294 202 1365 Qui
218 1296 289 1347 vidit
305 1315 378 1357 more
396 1295 528 1349 turbidum
545 1306 572 1344 et

181 1363 307 1431 Infames·
318 1365 441 1432 scopulos
460 1362 675 1414 Acroceraunio?

76 1432 131 1486 Ubi
147 1442 229 1484 recte
247 1432 416 1486 Scholiaetea
434 1432 518 1483 Siccis
535 1432 620 1483 oculis
643 1431 849 1499 interpretatur
869 1427 932 1487 Sine
954 1429 1036 1485 ineri-

75 1504 141 1569 mir,
158 1504 263 1554 teetein
281 1502 424 1553 aduncam
440 1499 605 1568 Lucanum,
625 1500 679 1568 ix,
701 1512 776 1567 1044.

329 1572 375 1640 qui
391 1570 467 1621 sicco
485 1567 597 1620 lumine
615 1583 735 1635 compos·

147 1639 257 1691 Viderit
275 1637 426 1691 Emathios.
727 1692 730 1698 ¹

76 1706 134 1759 Cui
151 1707 239 1761 addae
256 1705 326 1758 licet
346 1706 484 1758 Senecam
503 1703 538 1756 de
548 1700 711 1770 Tranquill.
729 1703 788 1759 XV.
825 1704 950 1773 Plerique
965 1706 1037 1765 enim
1064 1746 1069 1754 „

76 1775 213 1828 lacrimae
223 1773 364 1843 fiendum,
389 1786 418 1825 m
435 1774 592 1823 ostendant:
622 1785 648 1822 et
666 1772 745 1821 toties
762 1772 853 1825 riccoe
870 1773 1035 1843 oculorlro·
1091 1771 1102 1793 ‘

78 1844 156 1911 bene,
177 1845 282 1913 quoties
300 1854 437 1910 spectator
451 1840 545 1906 defuit.
579 1841 707 1909 Propert.
729 1838 754 1905 l,
778 1856 819 1959 ip.

149 1913 193 1964 An
208 1913 311 1981 poteris
328 1909 412 1964 siccis
430 1926 488 1959 mea
497 1909 565 1975 foto
583 1925 709 1976 reponere
724 1907 787 1961 ecel
801 1909 841 1961 ie:

76 1983 123 2103 'lrte
139 1982 227 2099 sicclus
250 1998 352 2048 genas,
383 1977 461 2050 quod
484 1977 563 2031 idem
587 1986 642 2045 est,
673 1980 774 2047 poetae
797 1972 918 2048 passim:
949 1975 1035 2035 Ouid.

104 2051 164 2101 llil·
237 2066 261 2102 le
586 2064 589 2069 ¹
665 2096 671 2106 x
713 2058 716 2063 Ι

148 2090 277 2168 Carmina
296 2133 344 2167 nec
362 2114 445 2168 eicaia
462 2114 583 2185 perleget
599 2114 656 2181 ipre
673 2114 767 2183 genie.

77 2186 224 2239 Martialis
242 2187 313 2253 XII,
333 2202 358 2253 5.

148 2254 209 2306 Nec
225 2257 338 2305 nimium
354 2250 438 2306 eiccis
454 2252 568 2321 perlegit
585 2253 642 2318 ipse
660 2250 749 2321 genis.

60 2426 66 2436 -
100 2365 108 2393 ’
130 2336 243 2444 adiecit
262 2390 319 2456 ipse
335 2386 415 2455 genia
427 2388 531 2452 flentes
548 2385 671 2436 hortatus
691 2389 799 2440 amicos.

81 2461 133 2512 Hir
151 2457 254 2530 positis
271 2473 305 2511 er
326 2456 461 2507 eudemus
478 2458 576 2524 poetae
594 2457 772 2519 sententiam.
792 2458 914 2527 Quanto,
933 2457 1037 2530 inquit,
1061 2452 1064 2457 ’

82 2530 172 2581 enimi
191 2527 287 2577 robore
305 2475 376 2589 luit,
406 2540 491 2593 quem
510 2522 608 2574 mortis
631 2523 751 2592 gradum
769 2525 879 2594 timuit,
912 2528 962 2598 qui
980 2528 1062 2599 pri-,4

82 2614 144 2652 mus
164 2593 265 2664 fragili
286 2609 315 2646 se
331 2592 387 2645 rati
405 2590 597 2658 committens,
619 2602 787 2646 monstrosas
805 2595 929 2660 belluae,
949 2596 1039 2648 turbi·
1098 2630 1114 2649 s

81 2668 132 2720 tlos
151 2665 274 2729 fluctus,
294 2660 423 2730 scopulos
440 2660 611 2725 horrendos,
631 2677 676 2712 ree
693 2663 824 2714 omnium
841 2663 965 2717 maxime
982 2675 1038 2716 ter-

85 2734 186 2787 ribiles
204 2735 262 2782 sine
279 2731 400 2780 lacrimis
416 2728 514 2781 videre
531 2729 673 2781 sustinuit.
721 2731 744 2781 E
765 2730 844 2799 regie
863 2750 943 2786 eane:
978 2734 1040 2803 Ego

84 2820 152 2855 vero
170 2799 219 2853 vel
237 2798 439 2851 meticulosum
459 2797 602 2866 quemvis,
633 2799 721 2849 etiam
744 2747 883 2852 lemurum
907 2801 938 2853 id
961 2817 1041 2872 posse

85 2880 230 2942 praestare
250 2867 327 2935 dico,
349 2875 381 2917 ut
397 2867 455 2917 sine
475 2866 593 2916 lacrimis
609 2883 642 2919 ea
660 2866 770 2933 videat3
796 2870 902 2938 quippe
920 2887 992 2939 quae
1010 2871 1042 2921 in
1071 2897 1073 2906 =

84 2937 227 2992 eiusmodi
247 2946 372 3002 terrore,
422 2941 486 2986 rout
502 2942 604 2986 natura
630 2952 728 2988 omnes
752 2938 910 3008 comparati
936 2955 1041 3008 sumus,

85 3011 138 3060 etsi
157 3010 283 3061 maxime
300 3003 385 3074 velit¹
401 2952 558 3055 lacrimari
577 3021 635 3056 non
656 3006 751 3073 possit.
788 3007 861 3063 Prae
880 3007 1043 3074 miseri-eor·

87 3077 133 3129 dia
151 3074 287 3146 quidem,
306 3072 481 3139 velamem,
502 3072 659 3137 desiderio,
679 3074 804 3142 pudore,
830 3075 867 3126 ad
884 3073 948 3127 leve
968 3077 1044 3146 peri·

88 3146 187 3197 culum
205 3157 353 3214 praesens,
373 3138 418 3192 rel
436 3143 560 3209 ingentis
577 3143 727 3210 praeteriti
745 3143 985 3210 recordationem,
1005 3154 1046 3197 et·

89 3217 147 3267 iam
164 3211 267 3264 inritis
285 3210 377 3263 oculis
396 3207 555 3261 identidem
576 3210 746 3262 oboriuntur
769 3210 923 3267 lacrimae:
962 3221 992 3265 at
1015 3214 1047 3267 in

89 3299 193 3350 magno
213 3296 325 3351 pavore,
345 3279 553 3348 praesentique,
572 3287 605 3328 ut
621 3279 670 3329 liic
701 3282 932 3334 consternatione
950 3281 1049 3349 nullus

91 3349 219 3403 lacrimis
237 3347 317 3401 locus
334 3355 392 3412 est,
410 3363 447 3398 ne
466 3346 498 3399 in
517 3347 614 3417 puella
633 3321 743 3400 iniente
762 3349 888 3418 quidem.
937 3350 1050 3403 Scimus

92 3418 143 3471 lroc
163 3433 280 3481 omnem,
300 3415 375 3485 quod
394 3423 422 3466 et
440 3415 499 3468 vita
517 3417 654 3485 magistra
672 3416 843 3485 didicimus,
870 3419 949 3470 etin
968 3421 1052 3471 nobis

95 3487 159 3554 ipris
177 3484 289 3566 experti
306 3499 410 3536 sumus.
462 3483 539 3552 Quid
557 3486 647 3553 igitur
663 3494 723 3538 tam
741 3502 880 3557 magnum
900 3483 950 3542 eut
966 3488 1052 3540 mira-

96 3553 168 3623 iile,
195 3572 221 3607 u
238 3553 323 3606 eiccir
340 3551 432 3605 oculis
451 3553 497 3603 rii·
514 3553 597 3605 fortis
615 3571 648 3606 ea
667 3554 788 3619 viderim
818 3571 891 3624 quae
910 3554 957 3606 vel
977 3556 1054 3607 timi·

100 3621 208 3681 diasimi
226 3639 288 3677 non
306 3621 390 3680 aliter
406 3628 524 3693 pereum
542 3621 690 3692 aspicere?
707 3623 803 3681 Immo
820 3640 900 3694 iero,
922 3641 982 3701 quc
997 3623 1071 3683 lior·
