<?xml version="1.0" encoding="UTF-8"?>
<!DOCTYPE html PUBLIC "-//W3C//DTD XHTML 1.0 Transitional//EN"
    "http://www.w3.org/TR/xhtml1/DTD/xhtml1-transitional.dtd">
<html xmlns="http://www.w3.org/1999/xhtml" xml:lang="en" lang="en">
 <head>
  <title>
</title>
<meta http-equiv="Content-Type" content="text/html;charset=utf-8" />
  <meta name='ocr-system' content='tesseract 3.04.00' />
  <meta name='ocr-capabilities' content='ocr_page ocr_carea ocr_par ocr_line ocrx_word'/>
</head>
<body>
  <div class='ocr_page' id='page_1' title='image "./richardibentlei00bentgoog_0230.png"; bbox 0 0 2250 3990; ppageno 0'>
   <div class='ocr_carea' id='block_1_1' title="bbox 228 143 906 217">
    <p class='ocr_par' dir='ltr' id='par_1_1' title="bbox 228 143 906 217">
     <span class='ocr_line' id='line_1_1' title="bbox 228 143 906 217; baseline -0.001 -9"><span class='ocrx_word' id='word_1_1' title='bbox 228 163 430 209; x_wconf 71' lang='lat' dir='ltr'><strong><em>crastiuum</em></strong></span> <span class='ocrx_word' id='word_1_2' title='bbox 469 162 541 211; x_wconf 78' lang='lat' dir='ltr'><strong><em>mr.</em></strong></span> <span class='ocrx_word' id='word_1_3' title='bbox 574 143 633 209; x_wconf 83' lang='grc' dir='ltr'><strong>ΙΙΙ.</strong></span> <span class='ocrx_word' id='word_1_4' title='bbox 720 176 723 181; x_wconf 94' lang='grc'>-</span> <span class='ocrx_word' id='word_1_5' title='bbox 842 146 906 217; x_wconf 73' lang='lat'><strong><em>203</em></strong></span> 
     </span>
    </p>
   </div>
   <div class='ocr_carea' id='block_1_2' title="bbox 12 244 998 319">
    <p class='ocr_par' dir='ltr' id='par_1_2' title="bbox 12 244 998 319">
     <span class='ocr_line' id='line_1_2' title="bbox 12 244 998 319; baseline 0.003 -18"><span class='ocrx_word' id='word_1_6' title='bbox 12 284 18 305; x_wconf 87' lang='lat'>.</span> <span class='ocrx_word' id='word_1_7' title='bbox 41 244 148 301; x_wconf 68' lang='lat' dir='ltr'><strong><em>&#39;Fallax</em></strong></span> <span class='ocrx_word' id='word_1_8' title='bbox 172 246 303 299; x_wconf 70' lang='lat' dir='ltr'><em>historias</em></span> <span class='ocrx_word' id='word_1_9' title='bbox 328 245 428 315; x_wconf 84' lang='lat' dir='ltr'><strong><em>monet]</em></strong></span> <span class='ocrx_word' id='word_1_10' title='bbox 470 246 591 299; x_wconf 79' lang='lat' dir='ltr'><strong><em>Codices</em></strong></span> <span class='ocrx_word' id='word_1_11' title='bbox 613 254 673 300; x_wconf 84' lang='lat' dir='ltr'><strong><em>tres</em></strong></span> <span class='ocrx_word' id='word_1_12' title='bbox 687 248 763 319; x_wconf 83' lang='lat' dir='ltr'><strong><em>apud</em></strong></span> <span class='ocrx_word' id='word_1_13' title='bbox 780 250 905 305; x_wconf 85' lang='lat' dir='ltr'><strong><em>Torren-</em></strong></span> <span class='ocrx_word' id='word_1_14' title='bbox 995 302 998 307; x_wconf 90' lang='grc'>,</span> 
     </span>
    </p>
   </div>
   <div class='ocr_carea' id='block_1_3' title="bbox 10 314 948 2028">
    <p class='ocr_par' dir='ltr' id='par_1_3' title="bbox 12 314 904 388">
     <span class='ocr_line' id='line_1_3' title="bbox 12 314 904 388; baseline 0.003 -18"><span class='ocrx_word' id='word_1_15' title='bbox 12 327 71 388; x_wconf 61' lang='lat'><strong><em>5⁹²</em></strong></span> <span class='ocrx_word' id='word_1_16' title='bbox 90 334 125 369; x_wconf 85' lang='lat' dir='ltr'><strong><em>ex</em></strong></span> <span class='ocrx_word' id='word_1_17' title='bbox 141 317 247 369; x_wconf 74' lang='lat' dir='ltr'><strong><em>nustria</em></strong></span> <span class='ocrx_word' id='word_1_18' title='bbox 267 314 450 383; x_wconf 68' lang='lat' dir='ltr'><strong><em>bodleianos,</em></strong></span> <span class='ocrx_word' id='word_1_19' title='bbox 470 329 565 383; x_wconf 86' lang='lat' dir='ltr'><strong><em>movet,</em></strong></span> <span class='ocrx_word' id='word_1_20' title='bbox 584 332 640 368; x_wconf 85' lang='lat' dir='ltr'><strong><em>non</em></strong></span> <span class='ocrx_word' id='word_1_21' title='bbox 658 332 753 370; x_wconf 83' lang='lat' dir='ltr'><strong><em>manet.</em></strong></span> <span class='ocrx_word' id='word_1_22' title='bbox 790 322 904 373; x_wconf 85' lang='lat' dir='ltr'><strong><em>Utrum·</em></strong></span> 
     </span>
    </p>

    <p class='ocr_par' dir='ltr' id='par_1_4' title="bbox 13 384 486 453">
     <span class='ocr_line' id='line_1_4' title="bbox 13 384 486 453; baseline -0.004 -14"><span class='ocrx_word' id='word_1_23' title='bbox 13 396 100 439; x_wconf 66' lang='lat' dir='ltr'><strong><em>seem.</em></strong></span> <span class='ocrx_word' id='word_1_24' title='bbox 139 384 260 439; x_wconf 82' lang='lat' dir='ltr'><strong><em>Ovidius</em></strong></span> <span class='ocrx_word' id='word_1_25' title='bbox 278 386 334 437; x_wconf 74' lang='lat' dir='ltr'><strong><em>Ast.</em></strong></span> <span class='ocrx_word' id='word_1_26' title='bbox 355 384 406 453; x_wconf 85' lang='lat'>111,</span> <span class='ocrx_word' id='word_1_27' title='bbox 426 385 486 450; x_wconf 80' lang='lat'><strong><em>651.</em></strong></span> 
     </span>
    </p>

    <p class='ocr_par' dir='ltr' id='par_1_5' title="bbox 12 454 782 525">
     <span class='ocr_line' id='line_1_5' title="bbox 12 454 782 525; baseline 0.003 -19"><span class='ocrx_word' id='word_1_28' title='bbox 12 454 84 525; x_wconf 80' lang='lat' dir='ltr'><strong><em>Quid</em></strong></span> <span class='ocrx_word' id='word_1_29' title='bbox 100 456 178 506; x_wconf 87' lang='lat' dir='ltr'><strong><em>iuvat</em></strong></span> <span class='ocrx_word' id='word_1_30' title='bbox 195 454 321 521; x_wconf 77' lang='lat' dir='ltr'><em>ambages</em></span> <span class='ocrx_word' id='word_1_31' title='bbox 335 468 527 523; x_wconf 78' lang='lat' dir='ltr'><strong><em>praeceptaque</em></strong></span> <span class='ocrx_word' id='word_1_32' title='bbox 544 470 628 520; x_wconf 84' lang='lat' dir='ltr'><strong><em>parvo</em></strong></span> <span class='ocrx_word' id='word_1_33' title='bbox 645 456 782 508; x_wconf 76' lang='lat' dir='ltr'><strong><em>monere?</em></strong></span> 
     </span>
    </p>

    <p class='ocr_par' dir='ltr' id='par_1_6' title="bbox 12 518 903 596">
     <span class='ocr_line' id='line_1_6' title="bbox 12 518 903 596; baseline 0.003 -19"><span class='ocrx_word' id='word_1_34' title='bbox 12 524 19 577; x_wconf 88' lang='lat' dir='ltr'><strong><em>l</em></strong></span> <span class='ocrx_word' id='word_1_35' title='bbox 38 532 136 579; x_wconf 77' lang='lat' dir='ltr'><strong><em>tamem</em></strong></span> <span class='ocrx_word' id='word_1_36' title='bbox 154 524 245 593; x_wconf 80' lang='lat' dir='ltr'><strong><em>magis</em></strong></span> <span class='ocrx_word' id='word_1_37' title='bbox 261 522 356 593; x_wconf 81' lang='lat' dir='ltr'><strong><em>placet</em></strong></span> <span class='ocrx_word' id='word_1_38' title='bbox 400 530 434 573; x_wconf 89' lang='lat' dir='ltr'><strong><em>ut</em></strong></span> <span class='ocrx_word' id='word_1_39' title='bbox 456 522 607 592; x_wconf 79' lang='lat' dir='ltr'><strong><em>figuratius</em></strong></span> <span class='ocrx_word' id='word_1_40' title='bbox 625 528 655 574; x_wconf 85' lang='lat' dir='ltr'><strong><em>et</em></strong></span> <span class='ocrx_word' id='word_1_41' title='bbox 677 518 903 596; x_wconf 70' lang='grc' dir='ltr'><strong><em>ποιητικώτερον,</em></strong></span> 
     </span>
    </p>

    <p class='ocr_par' dir='ltr' id='par_1_7' title="bbox 12 589 476 660">
     <span class='ocr_line' id='line_1_7' title="bbox 12 589 476 660; baseline -0.004 -16"><span class='ocrx_word' id='word_1_42' title='bbox 12 594 79 645; x_wconf 76' lang='lat' dir='ltr'><strong><em>&gt;rias</em></strong></span> <span class='ocrx_word' id='word_1_43' title='bbox 96 606 201 653; x_wconf 87' lang='lat' dir='ltr'><strong><em>mooet‚·</em></strong></span> <span class='ocrx_word' id='word_1_44' title='bbox 220 600 253 643; x_wconf 86' lang='lat' dir='ltr'><strong><em>ut</em></strong></span> <span class='ocrx_word' id='word_1_45' title='bbox 271 592 350 660; x_wconf 75' lang='lat' dir='ltr'><strong><em>virgi</em></strong></span> <span class='ocrx_word' id='word_1_46' title='bbox 366 590 408 643; x_wconf 84' lang='lat' dir='ltr'><strong><em>&#39;us</em></strong></span> <span class='ocrx_word' id='word_1_47' title='bbox 424 589 476 658; x_wconf 82' lang='lat' dir='ltr'><strong><em>bis,</em></strong></span> 
     </span>
    </p>

    <p class='ocr_par' dir='ltr' id='par_1_8' title="bbox 12 658 786 782">
     <span class='ocr_line' id='line_1_8' title="bbox 12 658 786 782; baseline -0.004 -69"><span class='ocrx_word' id='word_1_48' title='bbox 12 662 126 781; x_wconf 54' lang='lat' dir='ltr'><strong><em>Pandite</em></strong></span> <span class='ocrx_word' id='word_1_49' title='bbox 144 658 468 782; x_wconf 34' lang='lat' dir='ltr'><strong><em>zundfleliooncwdeae,</em></strong></span> <span class='ocrx_word' id='word_1_50' title='bbox 486 666 641 731; x_wconf 81' lang='lat' dir='ltr'><strong><em>cantusque</em></strong></span> <span class='ocrx_word' id='word_1_51' title='bbox 657 667 786 725; x_wconf 79' lang='lat' dir='ltr'><strong><em>mosete3</em></strong></span> 
     </span>
    </p>

    <p class='ocr_par' dir='ltr' id='par_1_9' title="bbox 11 734 191 783">
     <span class='ocr_line' id='line_1_9' title="bbox 11 734 191 783; baseline -0.011 0"><span class='ocrx_word' id='word_1_52' title='bbox 11 734 66 783; x_wconf 82' lang='lat' dir='ltr'><strong><em>ter.</em></strong></span> <span class='ocrx_word' id='word_1_53' title='bbox 131 748 146 783; x_wconf 78' lang='lat' dir='ltr'><strong><em>a</em></strong></span> <span class='ocrx_word' id='word_1_54' title='bbox 169 746 191 781; x_wconf 88' lang='lat' dir='ltr'><strong><em>t.</em></strong></span> 
     </span>
    </p>

    <p class='ocr_par' dir='ltr' id='par_1_10' title="bbox 11 770 838 867">
     <span class='ocr_line' id='line_1_10' title="bbox 11 770 838 867; baseline 0 -18"><span class='ocrx_word' id='word_1_55' title='bbox 11 798 64 849; x_wconf 83' lang='lat' dir='ltr'><strong><em>Hic</em></strong></span> <span class='ocrx_word' id='word_1_56' title='bbox 80 770 131 849; x_wconf 82' lang='lat' dir='ltr'><strong><em>et’ti</em></strong></span> <span class='ocrx_word' id='word_1_57' title='bbox 150 799 247 865; x_wconf 80' lang='lat' dir='ltr'><strong><em>(fabor</em></strong></span> <span class='ocrx_word' id='word_1_58' title='bbox 265 799 344 861; x_wconf 86' lang='lat' dir='ltr'><strong><em>enim,</em></strong></span> <span class='ocrx_word' id='word_1_59' title='bbox 363 796 468 867; x_wconf 60' lang='lat' dir='ltr'><strong><em>wando</em></strong></span> <span class='ocrx_word' id='word_1_60' title='bbox 485 794 553 847; x_wconf 86' lang='lat' dir='ltr'><strong><em>ltaec</em></strong></span> <span class='ocrx_word' id='word_1_61' title='bbox 572 809 599 848; x_wconf 85' lang='lat' dir='ltr'><strong><em>te</em></strong></span> <span class='ocrx_word' id='word_1_62' title='bbox 616 814 681 848; x_wconf 89' lang='lat' dir='ltr'><strong><em>eura</em></strong></span> <span class='ocrx_word' id='word_1_63' title='bbox 699 796 838 863; x_wconf 76' lang='lat' dir='ltr'><strong><em>remordet,</em></strong></span> 
     </span>
    </p>

    <p class='ocr_par' dir='ltr' id='par_1_11' title="bbox 11 866 708 934">
     <span class='ocr_line' id='line_1_11' title="bbox 11 866 708 934; baseline 0.003 -17"><span class='ocrx_word' id='word_1_64' title='bbox 11 866 131 933; x_wconf 74' lang='lat' dir='ltr'><strong><em>Longius</em></strong></span> <span class='ocrx_word' id='word_1_65' title='bbox 148 880 174 920; x_wconf 82' lang='lat' dir='ltr'><strong><em>et</em></strong></span> <span class='ocrx_word' id='word_1_66' title='bbox 190 867 301 918; x_wconf 79' lang='lat' dir='ltr'><strong><em>volvant</em></strong></span> <span class='ocrx_word' id='word_1_67' title='bbox 310 866 435 934; x_wconf 80' lang='lat' dir='ltr'><strong><em>satorum</em></strong></span> <span class='ocrx_word' id='word_1_68' title='bbox 454 882 560 921; x_wconf 74' lang='lat' dir='ltr'><strong><em>arcana</em></strong></span> <span class='ocrx_word' id='word_1_69' title='bbox 576 868 708 931; x_wconf 77' lang='lat' dir='ltr'><strong>movebo)</strong></span> 
     </span>
    </p>

    <p class='ocr_par' dir='ltr' id='par_1_12' title="bbox 10 936 317 1005">
     <span class='ocr_line' id='line_1_12' title="bbox 10 936 317 1005; baseline 0.003 -18"><span class='ocrx_word' id='word_1_70' title='bbox 10 938 25 989; x_wconf 83' lang='lat' dir='ltr'><strong><em>l.</em></strong></span> <span class='ocrx_word' id='word_1_71' title='bbox 45 936 164 988; x_wconf 84' lang='lat' dir='ltr'><strong><em>Metam.</em></strong></span> <span class='ocrx_word' id='word_1_72' title='bbox 183 936 256 1005; x_wconf 76' lang='lat' dir='ltr'><strong><em>xlv,</em></strong></span> <span class='ocrx_word' id='word_1_73' title='bbox 276 952 317 988; x_wconf 86' lang='lat' dir='ltr'><strong><em>ao.</em></strong></span> 
     </span>
    </p>

    <p class='ocr_par' dir='ltr' id='par_1_13' title="bbox 11 1002 780 1075">
     <span class='ocr_line' id='line_1_13' title="bbox 11 1002 780 1075; baseline 0 -20"><span class='ocrx_word' id='word_1_74' title='bbox 11 1005 45 1055; x_wconf 80' lang='lat' dir='ltr'><strong><em>Ae</em></strong></span> <span class='ocrx_word' id='word_1_75' title='bbox 62 1016 102 1067; x_wconf 86' lang='lat' dir='ltr'><strong><em>tu,</em></strong></span> <span class='ocrx_word' id='word_1_76' title='bbox 119 1005 176 1054; x_wconf 89' lang='lat' dir='ltr'><strong><em>sive</em></strong></span> <span class='ocrx_word' id='word_1_77' title='bbox 194 1004 300 1075; x_wconf 76' lang='lat' dir='ltr'><strong><em>aliquid</em></strong></span> <span class='ocrx_word' id='word_1_78' title='bbox 317 1004 397 1073; x_wconf 73' lang='lat' dir='ltr'><strong><em>regni</em></strong></span> <span class='ocrx_word' id='word_1_79' title='bbox 412 1014 452 1057; x_wconf 82' lang='lat' dir='ltr'><strong><em>est</em></strong></span> <span class='ocrx_word' id='word_1_80' title='bbox 469 1004 500 1055; x_wconf 86' lang='lat' dir='ltr'><strong><em>in</em></strong></span> <span class='ocrx_word' id='word_1_81' title='bbox 515 1002 643 1069; x_wconf 57' lang='lat' dir='ltr'><strong><em>sarmata,</em></strong></span> <span class='ocrx_word' id='word_1_82' title='bbox 661 1018 780 1057; x_wconf 78' lang='lat' dir='ltr'><strong><em>carmen</em></strong></span> 
     </span>
    </p>

    <p class='ocr_par' dir='ltr' id='par_1_14' title="bbox 11 1068 270 1125">
     <span class='ocr_line' id='line_1_14' title="bbox 11 1068 270 1125; baseline -0.004 0"><span class='ocrx_word' id='word_1_83' title='bbox 11 1068 68 1125; x_wconf 88' lang='lat' dir='ltr'><strong><em>Ore</em></strong></span> <span class='ocrx_word' id='word_1_84' title='bbox 83 1088 167 1125; x_wconf 80' lang='lat' dir='ltr'><strong><em>mose</em></strong></span> <span class='ocrx_word' id='word_1_85' title='bbox 183 1090 270 1124; x_wconf 83' lang='lat' dir='ltr'><strong><em>sacro.</em></strong></span> 
     </span>
    </p>

    <p class='ocr_par' dir='ltr' id='par_1_15' title="bbox 11 1142 260 1205">
     <span class='ocr_line' id='line_1_15' title="bbox 11 1142 260 1205; baseline 0.004 -14"><span class='ocrx_word' id='word_1_86' title='bbox 11 1149 60 1193; x_wconf 78' lang='lat' dir='ltr'><strong><em>att.</em></strong></span> <span class='ocrx_word' id='word_1_87' title='bbox 100 1142 136 1205; x_wconf 88' lang='lat' dir='ltr'><strong><em>ll,</em></strong></span> <span class='ocrx_word' id='word_1_88' title='bbox 158 1156 198 1193; x_wconf 82' lang='grc' dir='ltr'><strong><em>ιι.</em></strong></span> <span class='ocrx_word' id='word_1_89' title='bbox 257 1148 260 1155; x_wconf 90' lang='grc'><strong>“</strong></span> 
     </span>
    </p>

    <p class='ocr_par' dir='ltr' id='par_1_16' title="bbox 11 1208 695 1277">
     <span class='ocr_line' id='line_1_16' title="bbox 11 1208 695 1277; baseline 0.004 -17"><span class='ocrx_word' id='word_1_90' title='bbox 11 1208 67 1260; x_wconf 85' lang='lat' dir='ltr'><strong><em>Ilia</em></strong></span> <span class='ocrx_word' id='word_1_91' title='bbox 111 1209 204 1260; x_wconf 85' lang='lat' dir='ltr'><strong><em>estalis</em></strong></span> <span class='ocrx_word' id='word_1_92' title='bbox 222 1209 297 1277; x_wconf 79' lang='lat' dir='ltr'><strong><em>(quid</em></strong></span> <span class='ocrx_word' id='word_1_93' title='bbox 314 1210 385 1261; x_wconf 86' lang='lat' dir='ltr'><strong><em>enim</em></strong></span> <span class='ocrx_word' id='word_1_94' title='bbox 400 1220 475 1261; x_wconf 85' lang='lat' dir='ltr'><strong><em>vetat</em></strong></span> <span class='ocrx_word' id='word_1_95' title='bbox 491 1208 555 1261; x_wconf 77' lang='lat' dir='ltr'><strong><em>inde</em></strong></span> <span class='ocrx_word' id='word_1_96' title='bbox 571 1209 695 1277; x_wconf 78' lang='lat' dir='ltr'><strong><em>moveri)</em></strong></span> 
     </span>
    </p>

    <p class='ocr_par' dir='ltr' id='par_1_17' title="bbox 11 1277 591 1357">
     <span class='ocr_line' id='line_1_17' title="bbox 11 1277 591 1357; baseline 0.003 -31"><span class='ocrx_word' id='word_1_97' title='bbox 11 1277 96 1327; x_wconf 85' lang='lat' dir='ltr'><strong><em>Sacra</em></strong></span> <span class='ocrx_word' id='word_1_98' title='bbox 114 1278 253 1328; x_wconf 81' lang='lat' dir='ltr'><strong><em>lavantr&#39;as</em></strong></span> <span class='ocrx_word' id='word_1_99' title='bbox 269 1294 347 1328; x_wconf 87' lang='lat' dir='ltr'><strong><em>mane</em></strong></span> <span class='ocrx_word' id='word_1_100' title='bbox 361 1278 469 1357; x_wconf 79' lang='lat' dir='ltr'><strong><em>petebat</em></strong></span> <span class='ocrx_word' id='word_1_101' title='bbox 489 1296 591 1346; x_wconf 82' lang='lat' dir='ltr'><strong><em>aquas:</em></strong></span> 
     </span>
    </p>

    <p class='ocr_par' dir='ltr' id='par_1_18' title="bbox 20 1342 907 1414">
     <span class='ocr_line' id='line_1_18' title="bbox 20 1342 907 1414; baseline 0 -19"><span class='ocrx_word' id='word_1_102' title='bbox 20 1346 131 1409; x_wconf 75' lang='lat' dir='ltr'><strong><em>moueri,</em></strong></span> <span class='ocrx_word' id='word_1_103' title='bbox 149 1344 180 1397; x_wconf 88' lang='lat' dir='ltr'><strong><em>id</em></strong></span> <span class='ocrx_word' id='word_1_104' title='bbox 200 1354 250 1414; x_wconf 85' lang='lat' dir='ltr'><strong><em>est,</em></strong></span> <span class='ocrx_word' id='word_1_105' title='bbox 271 1345 339 1397; x_wconf 84' lang='lat' dir='ltr'><strong><em>inde</em></strong></span> <span class='ocrx_word' id='word_1_106' title='bbox 356 1347 476 1401; x_wconf 78' lang='lat' dir='ltr'><strong><em>initium</em></strong></span> <span class='ocrx_word' id='word_1_107' title='bbox 494 1346 660 1397; x_wconf 75' lang='lat' dir='ltr'><strong><em>narrationis</em></strong></span> <span class='ocrx_word' id='word_1_108' title='bbox 676 1343 760 1399; x_wconf 84' lang='lat' dir='ltr'><strong><em>sumi.</em></strong></span> <span class='ocrx_word' id='word_1_109' title='bbox 796 1345 839 1397; x_wconf 84' lang='lat' dir='ltr'><strong><em>lta</em></strong></span> <span class='ocrx_word' id='word_1_110' title='bbox 857 1342 907 1396; x_wconf 86' lang='lat' dir='ltr'><strong><em>Li·</em></strong></span> 
     </span>
    </p>

    <p class='ocr_par' dir='ltr' id='par_1_19' title="bbox 31 1412 906 1479">
     <span class='ocr_line' id='line_1_19' title="bbox 31 1412 906 1479; baseline 0.005 -16"><span class='ocrx_word' id='word_1_111' title='bbox 31 1412 200 1465; x_wconf 87' lang='lat' dir='ltr'><strong><em>Mentionem</em></strong></span> <span class='ocrx_word' id='word_1_112' title='bbox 218 1430 330 1479; x_wconf 85' lang='lat' dir='ltr'><strong><em>movere,</em></strong></span> <span class='ocrx_word' id='word_1_113' title='bbox 349 1416 509 1465; x_wconf 72' lang='lat' dir='ltr'><strong><em>mentionem</em></strong></span> <span class='ocrx_word' id='word_1_114' title='bbox 528 1432 544 1464; x_wconf 90' lang='lat' dir='ltr'><strong><em>a</em></strong></span> <span class='ocrx_word' id='word_1_115' title='bbox 569 1417 641 1465; x_wconf 71' lang='lat' dir='ltr'><strong><em>&#39;tara</em></strong></span> <span class='ocrx_word' id='word_1_116' title='bbox 667 1414 770 1465; x_wconf 81' lang='lat' dir='ltr'><strong><em>Cicero</em></strong></span> <span class='ocrx_word' id='word_1_117' title='bbox 790 1414 820 1465; x_wconf 83' lang='lat' dir='ltr'><strong><em>in</em></strong></span> <span class='ocrx_word' id='word_1_118' title='bbox 835 1414 906 1467; x_wconf 81' lang='lat' dir='ltr'><strong><em>Osa·</em></strong></span> 
     </span>
    </p>

    <p class='ocr_par' dir='ltr' id='par_1_20' title="bbox 21 1481 948 1553">
     <span class='ocr_line' id='line_1_20' title="bbox 21 1481 948 1553; baseline 0.002 -22"><span class='ocrx_word' id='word_1_119' title='bbox 21 1498 47 1533; x_wconf 79' lang='lat' dir='ltr'><strong><em>c,</em></strong></span> <span class='ocrx_word' id='word_1_120' title='bbox 70 1496 111 1536; x_wconf 82' lang='lat'><strong><em>12.</em></strong></span> <span class='ocrx_word' id='word_1_121' title='bbox 156 1482 304 1551; x_wconf 76' lang='lat' dir='ltr'><strong><em>Primisque</em></strong></span> <span class='ocrx_word' id='word_1_122' title='bbox 323 1482 357 1532; x_wconf 76' lang='lat' dir='ltr'><strong><em>ab</em></strong></span> <span class='ocrx_word' id='word_1_123' title='bbox 383 1481 427 1533; x_wconf 84' lang='lat' dir='ltr'><strong><em>his</em></strong></span> <span class='ocrx_word' id='word_1_124' title='bbox 451 1483 539 1544; x_wconf 85' lang='lat' dir='ltr'><strong><em>(Hero</em></strong></span> <span class='ocrx_word' id='word_1_125' title='bbox 560 1490 607 1534; x_wconf 85' lang='lat' dir='ltr'><strong><em>oto</em></strong></span> <span class='ocrx_word' id='word_1_126' title='bbox 625 1489 654 1533; x_wconf 83' lang='lat' dir='ltr'><strong><em>et</em></strong></span> <span class='ocrx_word' id='word_1_127' title='bbox 671 1481 851 1553; x_wconf 77' lang='lat' dir='ltr'><strong>Thucydide)</strong></span> <span class='ocrx_word' id='word_1_128' title='bbox 877 1495 906 1533; x_wconf 85' lang='lat' dir='ltr'><strong><em>ut</em></strong></span> <span class='ocrx_word' id='word_1_129' title='bbox 941 1518 948 1541; x_wconf 83' lang='lat'>.</span> 
     </span>
    </p>

    <p class='ocr_par' dir='ltr' id='par_1_21' title="bbox 10 1546 905 1619">
     <span class='ocr_line' id='line_1_21' title="bbox 10 1546 905 1619; baseline 0.001 -19"><span class='ocrx_word' id='word_1_130' title='bbox 10 1546 220 1617; x_wconf 74' lang='lat' dir='ltr'><strong><em>theoptorasuo,</em></strong></span> <span class='ocrx_word' id='word_1_131' title='bbox 242 1548 361 1603; x_wconf 81' lang='lat' dir='ltr'><strong><em>historio</em></strong></span> <span class='ocrx_word' id='word_1_132' title='bbox 380 1558 595 1619; x_wconf 69' lang='lat' dir='ltr'><strong><em>commotam,</em></strong></span> <span class='ocrx_word' id='word_1_133' title='bbox 616 1562 646 1601; x_wconf 89' lang='lat' dir='ltr'><strong><em>ut</em></strong></span> <span class='ocrx_word' id='word_1_134' title='bbox 663 1552 772 1601; x_wconf 84' lang='lat' dir='ltr'><strong><em>cuderet</em></strong></span> <span class='ocrx_word' id='word_1_135' title='bbox 789 1550 905 1615; x_wconf 78' lang='lat' dir='ltr'><strong><em>uberius,</em></strong></span> 
     </span>
    </p>

    <p class='ocr_par' dir='ltr' id='par_1_22' title="bbox 10 1618 497 1686">
     <span class='ocr_line' id='line_1_22' title="bbox 10 1618 497 1686; baseline 0 -18"><span class='ocrx_word' id='word_1_136' title='bbox 10 1636 22 1668; x_wconf 80' lang='lat' dir='ltr'><strong><em>r</em></strong></span> <span class='ocrx_word' id='word_1_137' title='bbox 38 1622 198 1686; x_wconf 73' lang='lat' dir='ltr'><strong><em>superiores,</em></strong></span> <span class='ocrx_word' id='word_1_138' title='bbox 217 1632 243 1669; x_wconf 91' lang='lat' dir='ltr'><strong><em>et</em></strong></span> <span class='ocrx_word' id='word_1_139' title='bbox 261 1618 384 1670; x_wconf 89' lang='lat' dir='ltr'><strong><em>ornatius</em></strong></span> <span class='ocrx_word' id='word_1_140' title='bbox 400 1618 497 1669; x_wconf 82' lang='lat' dir='ltr'><strong><em>dicere.</em></strong></span> 
     </span>
    </p>

    <p class='ocr_par' dir='ltr' id='par_1_23' title="bbox 10 1682 906 1753">
     <span class='ocr_line' id='line_1_23' title="bbox 10 1682 906 1753; baseline -0.001 -15"><span class='ocrx_word' id='word_1_141' title='bbox 10 1689 84 1739; x_wconf 81' lang='lat' dir='ltr'><strong><em>’arro</em></strong></span> <span class='ocrx_word' id='word_1_142' title='bbox 107 1685 183 1737; x_wconf 90' lang='lat' dir='ltr'><strong><em>illud</em></strong></span> <span class='ocrx_word' id='word_1_143' title='bbox 195 1686 292 1753; x_wconf 77' lang='lat' dir='ltr'><strong><em>fallas</em></strong></span> <span class='ocrx_word' id='word_1_144' title='bbox 309 1702 368 1737; x_wconf 86' lang='lat' dir='ltr'><strong><em>non</em></strong></span> <span class='ocrx_word' id='word_1_145' title='bbox 387 1686 456 1738; x_wconf 81' lang='lat' dir='ltr'><strong><em>levis</em></strong></span> <span class='ocrx_word' id='word_1_146' title='bbox 473 1682 547 1738; x_wconf 85' lang='lat' dir='ltr'><strong><em>mihi</em></strong></span> <span class='ocrx_word' id='word_1_147' title='bbox 565 1701 597 1737; x_wconf 84' lang='lat' dir='ltr'><strong><em>su</em></strong></span> <span class='ocrx_word' id='word_1_148' title='bbox 630 1683 688 1736; x_wconf 87' lang='lat' dir='ltr'><strong><em>icio</em></strong></span> <span class='ocrx_word' id='word_1_149' title='bbox 709 1694 750 1738; x_wconf 84' lang='lat' dir='ltr'><strong><em>est</em></strong></span> <span class='ocrx_word' id='word_1_150' title='bbox 767 1702 801 1735; x_wconf 87' lang='lat' dir='ltr'><strong><em>ex</em></strong></span> <span class='ocrx_word' id='word_1_151' title='bbox 818 1685 906 1737; x_wconf 84' lang='lat' dir='ltr'><strong><em>inter·</em></strong></span> 
     </span>
    </p>

    <p class='ocr_par' dir='ltr' id='par_1_24' title="bbox 10 1752 905 1823">
     <span class='ocr_line' id='line_1_24' title="bbox 10 1752 905 1823; baseline 0 -16"><span class='ocrx_word' id='word_1_152' title='bbox 10 1756 105 1807; x_wconf 79' lang='lat' dir='ltr'><strong><em>atione</em></strong></span> <span class='ocrx_word' id='word_1_153' title='bbox 123 1757 153 1809; x_wconf 85' lang='lat' dir='ltr'><strong><em>in</em></strong></span> <span class='ocrx_word' id='word_1_154' title='bbox 180 1770 292 1807; x_wconf 86' lang='lat' dir='ltr'><strong><em>versum</em></strong></span> <span class='ocrx_word' id='word_1_155' title='bbox 311 1756 370 1805; x_wconf 84' lang='lat' dir='ltr'><strong><em>irre</em></strong></span> <span class='ocrx_word' id='word_1_156' title='bbox 391 1753 473 1820; x_wconf 86' lang='lat' dir='ltr'><strong><em>sisse,</em></strong></span> <span class='ocrx_word' id='word_1_157' title='bbox 502 1769 555 1823; x_wconf 83' lang='lat' dir='ltr'><strong><em>pro</em></strong></span> <span class='ocrx_word' id='word_1_158' title='bbox 577 1770 609 1821; x_wconf 79' lang='lat' dir='ltr'><strong><em>pe</em></strong></span> <span class='ocrx_word' id='word_1_159' title='bbox 623 1752 685 1813; x_wconf 65' lang='grc' dir='ltr'><strong><em>ὶιιε,Ι</em></strong></span> <span class='ocrx_word' id='word_1_160' title='bbox 738 1753 793 1805; x_wconf 88' lang='lat' dir='ltr'><strong><em>uod</em></strong></span> <span class='ocrx_word' id='word_1_161' title='bbox 817 1754 905 1807; x_wconf 71' lang='lat' dir='ltr'><strong><em>altero</em></strong></span> 
     </span>
    </p>

    <p class='ocr_par' dir='ltr' id='par_1_25' title="bbox 19 1772 905 1961">
     <span class='ocr_line' id='line_1_25' title="bbox 19 1772 905 1897; baseline -0.002 -19"><span class='ocrx_word' id='word_1_162' title='bbox 19 1822 120 1895; x_wconf 80' lang='lat' dir='ltr'><strong><em>paullo</em></strong></span> <span class='ocrx_word' id='word_1_163' title='bbox 140 1824 233 1893; x_wconf 81' lang='lat' dir='ltr'><strong><em>aptius</em></strong></span> <span class='ocrx_word' id='word_1_164' title='bbox 252 1832 281 1875; x_wconf 86' lang='lat' dir='ltr'><strong><em>ot</em></strong></span> <span class='ocrx_word' id='word_1_165' title='bbox 296 1773 506 1891; x_wconf 59' lang='lat' dir='ltr'><strong><em>signilcantius</em></strong></span> <span class='ocrx_word' id='word_1_166' title='bbox 524 1829 574 1874; x_wconf 72' lang='lat' dir='ltr'><strong><em>ost</em></strong></span> <span class='ocrx_word' id='word_1_167' title='bbox 602 1772 788 1889; x_wconf 64' lang='lat' dir='ltr'><strong><em>Virgillen.</em></strong></span> <span class='ocrx_word' id='word_1_168' title='bbox 803 1822 905 1897; x_wconf 46' lang='lat'>11290.</span> 
     </span>
     <span class='ocr_line' id='line_1_26' title="bbox 159 1889 691 1961; baseline -0.008 -19"><span class='ocrx_word' id='word_1_169' title='bbox 159 1893 266 1943; x_wconf 82' lang='lat' dir='ltr'><strong><em>invidia</em></strong></span> <span class='ocrx_word' id='word_1_170' title='bbox 284 1904 424 1961; x_wconf 81' lang='lat' dir='ltr'><strong><em>postquam</em></strong></span> <span class='ocrx_word' id='word_1_171' title='bbox 441 1889 562 1961; x_wconf 79' lang='lat' dir='ltr'><strong><em>pellacis</em></strong></span> <span class='ocrx_word' id='word_1_172' title='bbox 583 1890 675 1939; x_wconf 79' lang='lat' dir='ltr'><strong><em>Ulixei</em></strong></span> <span class='ocrx_word' id='word_1_173' title='bbox 681 1906 691 1949; x_wconf 79' lang='lat'><strong><em>‚¹</em></strong></span> 
     </span>
    </p>

    <p class='ocr_par' dir='ltr' id='par_1_26' title="bbox 14 1954 908 2028">
     <span class='ocr_line' id='line_1_27' title="bbox 14 1954 908 2028; baseline -0.004 -17"><span class='ocrx_word' id='word_1_174' title='bbox 14 1956 145 2021; x_wconf 59' lang='lat' dir='ltr'><strong><em>,Servium</em></strong></span> <span class='ocrx_word' id='word_1_175' title='bbox 176 1961 308 2023; x_wconf 78' lang='lat' dir='ltr'><strong><em>Peliacis,</em></strong></span> <span class='ocrx_word' id='word_1_176' title='bbox 335 1977 383 2028; x_wconf 82' lang='lat' dir='ltr'><strong><em>per</em></strong></span> <span class='ocrx_word' id='word_1_177' title='bbox 402 1958 550 2010; x_wconf 79' lang='lat' dir='ltr'><strong><em>blanditias</em></strong></span> <span class='ocrx_word' id='word_1_178' title='bbox 573 1957 746 2025; x_wconf 78' lang='lat' dir='ltr'><strong><em>decipientis.-</em></strong></span> <span class='ocrx_word' id='word_1_179' title='bbox 778 1954 908 2007; x_wconf 85' lang='lat' dir='ltr'><strong><em>Pellicere</em></strong></span> 
     </span>
    </p>
   </div>
   <div class='ocr_carea' id='block_1_4' title="bbox 10 2024 1020 2095">
    <p class='ocr_par' dir='ltr' id='par_1_27' title="bbox 10 2024 1020 2095">
     <span class='ocr_line' id='line_1_28' title="bbox 10 2024 1020 2095; baseline 0.002 -19"><span class='ocrx_word' id='word_1_180' title='bbox 10 2034 139 2095; x_wconf 81' lang='lat' dir='ltr'><strong><em>rest&#39;per</em></strong></span> <span class='ocrx_word' id='word_1_181' title='bbox 155 2028 301 2079; x_wconf 84' lang='lat' dir='ltr'><strong><em>blanditias</em></strong></span> <span class='ocrx_word' id='word_1_182' title='bbox 315 2028 429 2079; x_wconf 85' lang='lat' dir='ltr'><strong><em>illicere.</em></strong></span> <span class='ocrx_word' id='word_1_183' title='bbox 465 2026 554 2078; x_wconf 85' lang='lat' dir='ltr'><strong><em>Multi</em></strong></span> <span class='ocrx_word' id='word_1_184' title='bbox 577 2034 674 2077; x_wconf 85' lang='lat' dir='ltr'><strong><em>tamen</em></strong></span> <span class='ocrx_word' id='word_1_185' title='bbox 699 2024 812 2076; x_wconf 81' lang='lat' dir='ltr'><strong><em>codices</em></strong></span> <span class='ocrx_word' id='word_1_186' title='bbox 832 2025 909 2095; x_wconf 81' lang='lat' dir='ltr'><strong><em>apud</em></strong></span> <span class='ocrx_word' id='word_1_187' title='bbox 1016 2080 1020 2089; x_wconf 73' lang='grc'><strong><em>,</em></strong></span> 
     </span>
    </p>
   </div>
   <div class='ocr_carea' id='block_1_5' title="bbox 9 2094 966 2708">
    <p class='ocr_par' dir='ltr' id='par_1_28' title="bbox 10 2094 966 2370">
     <span class='ocr_line' id='line_1_29' title="bbox 10 2094 966 2165; baseline -0.004 -18"><span class='ocrx_word' id='word_1_188' title='bbox 10 2094 76 2147; x_wconf 80' lang='lat' dir='ltr'><strong><em>ium</em></strong></span> <span class='ocrx_word' id='word_1_189' title='bbox 94 2096 215 2147; x_wconf 66' lang='lat' dir='ltr'><strong><em>fallacis</em></strong></span> <span class='ocrx_word' id='word_1_190' title='bbox 230 2097 272 2149; x_wconf 87' lang='lat' dir='ltr'><strong><em>ihi</em></strong></span> <span class='ocrx_word' id='word_1_191' title='bbox 289 2096 403 2148; x_wconf 84' lang='lat' dir='ltr'><strong><em>habent.</em></strong></span> <span class='ocrx_word' id='word_1_192' title='bbox 440 2097 634 2165; x_wconf 79' lang='lat' dir='ltr'><strong><em>Hieronymus</em></strong></span> <span class='ocrx_word' id='word_1_193' title='bbox 651 2094 772 2145; x_wconf 77' lang='lat' dir='ltr'><strong><em>Praefert.</em></strong></span> <span class='ocrx_word' id='word_1_194' title='bbox 801 2094 832 2144; x_wconf 83' lang='lat' dir='ltr'><strong><em>in</em></strong></span> <span class='ocrx_word' id='word_1_195' title='bbox 860 2095 906 2148; x_wconf 86' lang='lat' dir='ltr'><strong><em>VI.</em></strong></span> <span class='ocrx_word' id='word_1_196' title='bbox 959 2133 966 2143; x_wconf 92' lang='lat'><strong><em>.</em></strong></span> 
     </span>
     <span class='ocr_line' id='line_1_30' title="bbox 12 2164 909 2232; baseline -0.002 -17"><span class='ocrx_word' id='word_1_197' title='bbox 12 2171 104 2216; x_wconf 82' lang='lat' dir='ltr'><strong><em>ment.</em></strong></span> <span class='ocrx_word' id='word_1_198' title='bbox 121 2164 222 2216; x_wconf 79' lang='lat' dir='ltr'><strong><em>Enech,</em></strong></span> <span class='ocrx_word' id='word_1_199' title='bbox 260 2164 315 2232; x_wconf 78' lang='lat' dir='ltr'><strong><em>(tot</em></strong></span> <span class='ocrx_word' id='word_1_200' title='bbox 332 2178 423 2216; x_wconf 85' lang='lat' dir='ltr'><strong><em>nostra</em></strong></span> <span class='ocrx_word' id='word_1_201' title='bbox 440 2166 597 2215; x_wconf 79' lang='lat' dir='ltr'><strong><em>simulantes</em></strong></span> <span class='ocrx_word' id='word_1_202' title='bbox 621 2164 766 2230; x_wconf 84' lang='lat' dir='ltr'><strong><em>genetricis</em></strong></span> <span class='ocrx_word' id='word_1_203' title='bbox 781 2164 909 2229; x_wconf 79' lang='lat' dir='ltr'><strong><em>antiquae</em></strong></span> 
     </span>
     <span class='ocr_line' id='line_1_31' title="bbox 10 2231 902 2299; baseline -0.002 -16"><span class='ocrx_word' id='word_1_204' title='bbox 10 2232 219 2285; x_wconf 73' lang='lat' dir='ltr'><strong><em>ettonis-Ulixei</em></strong></span> <span class='ocrx_word' id='word_1_205' title='bbox 236 2243 338 2283; x_wconf 73' lang='lat' dir='ltr'><strong><em>veneno</em></strong></span> <span class='ocrx_word' id='word_1_206' title='bbox 355 2251 409 2284; x_wconf 90' lang='lat' dir='ltr'><strong><em>non</em></strong></span> <span class='ocrx_word' id='word_1_207' title='bbox 426 2234 565 2284; x_wconf 65' lang='lat' dir='ltr'><strong><em>deserunt·</em></strong></span> <span class='ocrx_word' id='word_1_208' title='bbox 594 2231 744 2295; x_wconf 75' lang='lat' dir='ltr'><strong><em>Lucretius</em></strong></span> <span class='ocrx_word' id='word_1_209' title='bbox 763 2231 800 2284; x_wconf 88' lang='lat'><strong><em>11.</em></strong></span> <span class='ocrx_word' id='word_1_210' title='bbox 819 2244 879 2299; x_wconf 82' lang='lat'><strong>559.</strong></span> <span class='ocrx_word' id='word_1_211' title='bbox 899 2257 902 2263; x_wconf 77' lang='lat'>=</span> 
     </span>
     <span class='ocr_line' id='line_1_32' title="bbox 16 2300 660 2370; baseline 0 -19"><span class='ocrx_word' id='word_1_212' title='bbox 16 2300 133 2351; x_wconf 79' lang='lat' dir='ltr'><strong><em>Subdola</em></strong></span> <span class='ocrx_word' id='word_1_213' title='bbox 150 2318 209 2350; x_wconf 79' lang='lat' dir='ltr'><strong><em>cura</em></strong></span> <span class='ocrx_word' id='word_1_214' title='bbox 228 2303 298 2352; x_wconf 81' lang='lat' dir='ltr'><strong><em>ridet</em></strong></span> <span class='ocrx_word' id='word_1_215' title='bbox 314 2302 417 2369; x_wconf 80' lang='lat' dir='ltr'><strong><em>placidi</em></strong></span> <span class='ocrx_word' id='word_1_216' title='bbox 436 2300 559 2370; x_wconf 78' lang='lat' dir='ltr'><strong><em>pellacia</em></strong></span> <span class='ocrx_word' id='word_1_217' title='bbox 575 2302 660 2368; x_wconf 83' lang='lat' dir='ltr'><strong><em>ponti.</em></strong></span> 
     </span>
    </p>

    <p class='ocr_par' dir='ltr' id='par_1_29' title="bbox 9 2368 311 2447">
     <span class='ocr_line' id='line_1_33' title="bbox 9 2368 311 2447; baseline 0.003 -28"><span class='ocrx_word' id='word_1_218' title='bbox 9 2368 41 2436; x_wconf 66' lang='lat' dir='ltr'><strong><em>gil</em></strong></span> <span class='ocrx_word' id='word_1_219' title='bbox 70 2368 148 2420; x_wconf 85' lang='lat' dir='ltr'><strong><em>Geor</em></strong></span> <span class='ocrx_word' id='word_1_220' title='bbox 170 2407 174 2415; x_wconf 95' lang='lat'>.</span> <span class='ocrx_word' id='word_1_221' title='bbox 195 2370 241 2435; x_wconf 89' lang='lat' dir='ltr'><strong><em>lV,</em></strong></span> <span class='ocrx_word' id='word_1_222' title='bbox 261 2386 311 2447; x_wconf 66' lang='lat'><strong><em>445</em></strong></span> 
     </span>
    </p>

    <p class='ocr_par' dir='ltr' id='par_1_30' title="bbox 20 2384 653 2505">
     <span class='ocr_line' id='line_1_34' title="bbox 20 2384 653 2505; baseline 0 -18"><span class='ocrx_word' id='word_1_223' title='bbox 20 2438 116 2488; x_wconf 76' lang='lat' dir='ltr'><strong><em>Verum</em></strong></span> <span class='ocrx_word' id='word_1_224' title='bbox 133 2384 180 2487; x_wconf 79' lang='lat' dir='ltr'><strong><em>ult</em></strong></span> <span class='ocrx_word' id='word_1_225' title='bbox 196 2438 272 2486; x_wconf 88' lang='lat' dir='ltr'><strong><em>nulla</em></strong></span> <span class='ocrx_word' id='word_1_226' title='bbox 282 2442 384 2503; x_wconf 73' lang='lat' dir='ltr'><strong><em>jugam</em></strong></span> <span class='ocrx_word' id='word_1_227' title='bbox 401 2437 498 2503; x_wconf 84' lang='lat' dir='ltr'><strong><em>reperit</em></strong></span> <span class='ocrx_word' id='word_1_228' title='bbox 515 2434 653 2505; x_wconf 79' lang='lat' dir='ltr'><strong><em>pellacia:</em></strong></span> 
     </span>
    </p>

    <p class='ocr_par' dir='ltr' id='par_1_31' title="bbox 9 2498 909 2708">
     <span class='ocr_line' id='line_1_35' title="bbox 14 2498 908 2576; baseline -0.007 -21"><span class='ocrx_word' id='word_1_229' title='bbox 14 2504 113 2576; x_wconf 85' lang='lat' dir='ltr'><strong><em>plures</em></strong></span> <span class='ocrx_word' id='word_1_230' title='bbox 131 2521 164 2555; x_wconf 83' lang='lat' dir='ltr'><strong><em>ex</em></strong></span> <span class='ocrx_word' id='word_1_231' title='bbox 181 2504 299 2574; x_wconf 83' lang='lat' dir='ltr'><strong><em>Scriptis</em></strong></span> <span class='ocrx_word' id='word_1_232' title='bbox 310 2506 448 2571; x_wconf 65' lang='lat' dir='ltr'><strong><em>fallacia:</em></strong></span> <span class='ocrx_word' id='word_1_233' title='bbox 477 2504 548 2556; x_wconf 88' lang='lat' dir='ltr'><strong><em>adeo</em></strong></span> <span class='ocrx_word' id='word_1_234' title='bbox 576 2503 705 2572; x_wconf 84' lang='lat' dir='ltr'><strong><em>proclive</em></strong></span> <span class='ocrx_word' id='word_1_235' title='bbox 730 2507 791 2551; x_wconf 84' lang='lat' dir='ltr'><strong><em>erat</em></strong></span> <span class='ocrx_word' id='word_1_236' title='bbox 808 2498 908 2550; x_wconf 86' lang='lat' dir='ltr'><strong><em>Libra·</em></strong></span> 
     </span>
     <span class='ocr_line' id='line_1_36' title="bbox 14 2567 906 2642; baseline -0.003 -18"><span class='ocrx_word' id='word_1_237' title='bbox 14 2572 188 2627; x_wconf 74' lang='lat' dir='ltr'><strong><em>vocobulum</em></strong></span> <span class='ocrx_word' id='word_1_238' title='bbox 206 2572 280 2623; x_wconf 85' lang='lat' dir='ltr'><strong><em>illud</em></strong></span> <span class='ocrx_word' id='word_1_239' title='bbox 300 2588 495 2642; x_wconf 78' lang='lat' dir='ltr'><strong><em>corrumpere.</em></strong></span> <span class='ocrx_word' id='word_1_240' title='bbox 529 2571 645 2624; x_wconf 82' lang='lat' dir='ltr'><strong><em>Glossao</em></strong></span> <span class='ocrx_word' id='word_1_241' title='bbox 670 2567 906 2621; x_wconf 80' lang='lat' dir='ltr'><strong><em>Graecolatiuse:</em></strong></span> 
     </span>
     <span class='ocr_line' id='line_1_37' title="bbox 9 2636 909 2708; baseline -0.008 -16"><span class='ocrx_word' id='word_1_242' title='bbox 9 2636 120 2708; x_wconf 71' lang='grc' dir='ltr'><strong><em>ςγωγδς,</em></strong></span> <span class='ocrx_word' id='word_1_243' title='bbox 139 2642 253 2706; x_wconf 79' lang='lat' dir='ltr'><strong><em>pellas,¹</em></strong></span> <span class='ocrx_word' id='word_1_244' title='bbox 268 2640 343 2692; x_wconf 82' lang='lat' dir='ltr'><strong><em>illoc.</em></strong></span> <span class='ocrx_word' id='word_1_245' title='bbox 381 2640 542 2692; x_wconf 80' lang='lat' dir='ltr'><strong><em>Martianus</em></strong></span> <span class='ocrx_word' id='word_1_246' title='bbox 560 2638 677 2707; x_wconf 83' lang='lat' dir='ltr'><strong><em>Capella</em></strong></span> <span class='ocrx_word' id='word_1_247' title='bbox 695 2636 745 2687; x_wconf 89' lang='lat' dir='ltr'><strong><em>lib.</em></strong></span> <span class='ocrx_word' id='word_1_248' title='bbox 767 2638 813 2688; x_wconf 82' lang='lat' dir='ltr'><strong><em>lv.</em></strong></span> <span class='ocrx_word' id='word_1_249' title='bbox 851 2637 909 2686; x_wconf 82' lang='lat' dir='ltr'><strong><em>Cir·</em></strong></span> 
     </span>
    </p>
   </div>
   <div class='ocr_carea' id='block_1_6' title="bbox 9 2704 1124 2828">
    <p class='ocr_par' dir='ltr' id='par_1_32' title="bbox 9 2704 1124 2828">
     <span class='ocr_line' id='line_1_38' title="bbox 9 2704 1124 2828; baseline -0.006 -69"><span class='ocrx_word' id='word_1_250' title='bbox 9 2712 66 2759; x_wconf 77' lang='lat' dir='ltr'><strong><em>tria</em></strong></span> <span class='ocrx_word' id='word_1_251' title='bbox 86 2709 291 2828; x_wconf 46' lang='lat' dir='ltr'><strong><em>gollacissima,</em></strong></span> <span class='ocrx_word' id='word_1_252' title='bbox 324 2722 349 2759; x_wconf 81' lang='lat' dir='ltr'><strong><em>et</em></strong></span> <span class='ocrx_word' id='word_1_253' title='bbox 373 2722 502 2759; x_wconf 85' lang='lat' dir='ltr'><strong><em>metarum</em></strong></span> <span class='ocrx_word' id='word_1_254' title='bbox 519 2706 702 2757; x_wconf 78' lang='lat' dir='ltr'><strong><em>Marsicamm</em></strong></span> <span class='ocrx_word' id='word_1_255' title='bbox 722 2704 819 2754; x_wconf 86' lang='lat' dir='ltr'><strong><em>incola.</em></strong></span> <span class='ocrx_word' id='word_1_256' title='bbox 858 2708 908 2754; x_wconf 76' lang='lat' dir='ltr'><strong><em>Ar·</em></strong></span> <span class='ocrx_word' id='word_1_257' title='bbox 984 2746 987 2751; x_wconf 94' lang='lat'>.</span> <span class='ocrx_word' id='word_1_258' title='bbox 1069 2712 1124 2789; x_wconf 58' lang='lat'><strong><em>3⁵.</em></strong></span> 
     </span>
    </p>
   </div>
   <div class='ocr_carea' id='block_1_7' title="bbox 9 2774 911 3103">
    <p class='ocr_par' dir='ltr' id='par_1_33' title="bbox 9 2774 911 3103">
     <span class='ocr_line' id='line_1_39' title="bbox 9 2774 907 2844; baseline -0.008 -16"><span class='ocrx_word' id='word_1_259' title='bbox 9 2776 89 2828; x_wconf 81' lang='lat' dir='ltr'><strong><em>&#39;tusli</em></strong></span> <span class='ocrx_word' id='word_1_260' title='bbox 112 2778 177 2827; x_wconf 87' lang='lat'>.11.</span> <span class='ocrx_word' id='word_1_261' title='bbox 217 2777 319 2839; x_wconf 86' lang='lat' dir='ltr'><strong><em>Homo,</em></strong></span> <span class='ocrx_word' id='word_1_262' title='bbox 349 2778 395 2844; x_wconf 81' lang='lat' dir='ltr'><strong><em>qui</em></strong></span> <span class='ocrx_word' id='word_1_263' title='bbox 410 2778 447 2827; x_wconf 87' lang='lat' dir='ltr'><strong><em>sit</em></strong></span> <span class='ocrx_word' id='word_1_264' title='bbox 464 2789 511 2826; x_wconf 89' lang='lat' dir='ltr'><strong><em>aut</em></strong></span> <span class='ocrx_word' id='word_1_265' title='bbox 528 2776 597 2826; x_wconf 80' lang='lat' dir='ltr'><strong><em>tonde</em></strong></span> <span class='ocrx_word' id='word_1_266' title='bbox 614 2777 649 2825; x_wconf 87' lang='lat' dir='ltr'><strong><em>sit</em></strong></span> <span class='ocrx_word' id='word_1_267' title='bbox 670 2790 780 2839; x_wconf 85' lang='lat' dir='ltr'><strong><em>anceps,</em></strong></span> <span class='ocrx_word' id='word_1_268' title='bbox 807 2774 907 2836; x_wconf 66' lang='lat' dir='ltr'><strong><em>canus,</em></strong></span> 
     </span>
     <span class='ocr_line' id='line_1_40' title="bbox 9 2840 911 2915; baseline -0.009 -19"><span class='ocrx_word' id='word_1_269' title='bbox 9 2848 71 2909; x_wconf 84' lang='lat' dir='ltr'><strong><em>ilis,</em></strong></span> <span class='ocrx_word' id='word_1_270' title='bbox 98 2845 207 2915; x_wconf 77' lang='lat' dir='ltr'><strong><em>pellax,</em></strong></span> <span class='ocrx_word' id='word_1_271' title='bbox 236 2845 389 2912; x_wconf 74' lang='lat' dir='ltr'><strong><em>multiplea,</em></strong></span> <span class='ocrx_word' id='word_1_272' title='bbox 415 2844 596 2911; x_wconf 84' lang='lat' dir='ltr'><strong><em>multiformis.</em></strong></span> <span class='ocrx_word' id='word_1_273' title='bbox 633 2844 669 2894; x_wconf 81' lang='lat' dir='ltr'><strong><em>Et</em></strong></span> <span class='ocrx_word' id='word_1_274' title='bbox 689 2841 738 2892; x_wconf 84' lang='lat' dir='ltr'><strong><em>lib.</em></strong></span> <span class='ocrx_word' id='word_1_275' title='bbox 765 2843 796 2893; x_wconf 89' lang='lat' dir='ltr'><strong><em>V.</em></strong></span> <span class='ocrx_word' id='word_1_276' title='bbox 835 2840 911 2907; x_wconf 84' lang='lat' dir='ltr'><strong><em>Quid</em></strong></span> 
     </span>
     <span class='ocr_line' id='line_1_41' title="bbox 14 2909 909 2982; baseline -0.009 -18"><span class='ocrx_word' id='word_1_277' title='bbox 14 2914 108 2982; x_wconf 80' lang='lat' dir='ltr'><strong><em>cycnis</em></strong></span> <span class='ocrx_word' id='word_1_278' title='bbox 128 2928 153 2963; x_wconf 87' lang='lat' dir='ltr'><strong><em>et</em></strong></span> <span class='ocrx_word' id='word_1_279' title='bbox 170 2915 283 2981; x_wconf 73' lang='lat' dir='ltr'><strong><em>Satyris,</em></strong></span> <span class='ocrx_word' id='word_1_280' title='bbox 295 2914 366 2981; x_wconf 75' lang='lat' dir='ltr'><strong><em>,atriti</em></strong></span> <span class='ocrx_word' id='word_1_281' title='bbox 382 2930 429 2979; x_wconf 79' lang='lat' dir='ltr'><strong><em>pro</em></strong></span> <span class='ocrx_word' id='word_1_282' title='bbox 449 2913 539 2963; x_wconf 86' lang='lat' dir='ltr'><strong><em>aureis</em></strong></span> <span class='ocrx_word' id='word_1_283' title='bbox 557 2911 692 2975; x_wconf 81' lang='lat' dir='ltr'><strong><em>imbribus,</em></strong></span> <span class='ocrx_word' id='word_1_284' title='bbox 710 2910 740 2960; x_wconf 88' lang='lat' dir='ltr'><strong><em>in</em></strong></span> <span class='ocrx_word' id='word_1_285' title='bbox 757 2926 822 2977; x_wconf 82' lang='lat' dir='ltr'><strong><em>quos</em></strong></span> <span class='ocrx_word' id='word_1_286' title='bbox 839 2909 909 2958; x_wconf 81' lang='lat' dir='ltr'><strong><em>idem</em></strong></span> 
     </span>
     <span class='ocr_line' id='line_1_42' title="bbox 9 2977 909 3052; baseline -0.008 -19"><span class='ocrx_word' id='word_1_287' title='bbox 9 2983 90 3034; x_wconf 79' lang='lat' dir='ltr'><strong><em>cllax</em></strong></span> <span class='ocrx_word' id='word_1_288' title='bbox 107 2982 263 3052; x_wconf 83' lang='lat' dir='ltr'><strong><em>(Iuppiter)</em></strong></span> <span class='ocrx_word' id='word_1_289' title='bbox 273 2982 377 3049; x_wconf 82' lang='lat' dir='ltr'><strong><em>fraude</em></strong></span> <span class='ocrx_word' id='word_1_290' title='bbox 394 2982 482 3032; x_wconf 78' lang='lat' dir='ltr'><strong><em>induit</em></strong></span> <span class='ocrx_word' id='word_1_291' title='bbox 497 2980 613 3048; x_wconf 75' lang='lat' dir='ltr'><strong><em>perfida,</em></strong></span> <span class='ocrx_word' id='word_1_292' title='bbox 624 2979 779 3047; x_wconf 83' lang='lat' dir='ltr'><strong><em>formarum</em></strong></span> <span class='ocrx_word' id='word_1_293' title='bbox 792 2977 909 3027; x_wconf 83' lang='lat' dir='ltr'><strong><em>uarieta-</em></strong></span> 
     </span>
     <span class='ocr_line' id='line_1_43' title="bbox 9 3052 145 3103; baseline -0.015 0"><span class='ocrx_word' id='word_1_294' title='bbox 9 3071 19 3103; x_wconf 88' lang='lat' dir='ltr'><strong><em>s</em></strong></span> <span class='ocrx_word' id='word_1_295' title='bbox 41 3052 145 3101; x_wconf 82' lang='lat' dir='ltr'><strong><em>ludens.</em></strong></span> 
     </span>
    </p>
   </div>
   <div class='ocr_carea' id='block_1_8' title="bbox 181 3149 679 3219">
    <p class='ocr_par' dir='ltr' id='par_1_34' title="bbox 181 3149 679 3219">
     <span class='ocr_line' id='line_1_44' title="bbox 181 3149 679 3219; baseline 0 -5"><span class='ocrx_word' id='word_1_296' title='bbox 181 3149 269 3217; x_wconf 90' lang='lat' dir='ltr'><strong><em>Vlll.</em></strong></span> <span class='ocrx_word' id='word_1_297' title='bbox 323 3170 374 3217; x_wconf 73' lang='lat' dir='ltr'><strong><em>‚tn</em></strong></span> <span class='ocrx_word' id='word_1_298' title='bbox 401 3166 679 3219; x_wconf 72' lang='lat' dir='ltr'><strong><em>Msacausrass.</em></strong></span> 
     </span>
    </p>
   </div>
   <div class='ocr_carea' id='block_1_9' title="bbox 8 3252 917 3597">
    <p class='ocr_par' dir='ltr' id='par_1_35' title="bbox 8 3252 917 3597">
     <span class='ocr_line' id='line_1_45' title="bbox 29 3252 912 3325; baseline -0.005 -14"><span class='ocrx_word' id='word_1_299' title='bbox 29 3260 115 3311; x_wconf 83' lang='lat' dir='ltr'><strong><em>Docte</em></strong></span> <span class='ocrx_word' id='word_1_300' title='bbox 132 3275 267 3308; x_wconf 84' lang='lat' dir='ltr'><strong><em>sermones</em></strong></span> <span class='ocrx_word' id='word_1_301' title='bbox 283 3259 420 3325; x_wconf 72' lang='lat' dir='ltr'><strong><em>utriusque</em></strong></span> <span class='ocrx_word' id='word_1_302' title='bbox 439 3252 558 3322; x_wconf 83' lang='lat' dir='ltr'><strong><em>linguae]</em></strong></span> <span class='ocrx_word' id='word_1_303' title='bbox 591 3254 664 3307; x_wconf 85' lang='lat' dir='ltr'><strong><em>Tam</em></strong></span> <span class='ocrx_word' id='word_1_304' title='bbox 680 3263 789 3308; x_wconf 81' lang='lat' dir='ltr'><strong><em>veteres</em></strong></span> <span class='ocrx_word' id='word_1_305' title='bbox 810 3252 912 3307; x_wconf 81' lang='lat' dir='ltr'><strong><em>editio·</em></strong></span> 
     </span>
     <span class='ocr_line' id='line_1_46' title="bbox 30 3321 895 3396; baseline -0.003 -18"><span class='ocrx_word' id='word_1_306' title='bbox 30 3344 117 3396; x_wconf 86' lang='lat' dir='ltr'><strong><em>quam</em></strong></span> <span class='ocrx_word' id='word_1_307' title='bbox 134 3343 233 3377; x_wconf 68' lang='lat' dir='ltr'><strong><em>carnes</em></strong></span> <span class='ocrx_word' id='word_1_308' title='bbox 248 3325 309 3376; x_wconf 83' lang='lat' dir='ltr'><strong><em>iera</em></strong></span> <span class='ocrx_word' id='word_1_309' title='bbox 328 3325 447 3389; x_wconf 85' lang='lat' dir='ltr'><strong><em>codices,</em></strong></span> <span class='ocrx_word' id='word_1_310' title='bbox 467 3332 495 3375; x_wconf 85' lang='lat' dir='ltr'><strong><em>et</em></strong></span> <span class='ocrx_word' id='word_1_311' title='bbox 513 3321 572 3374; x_wconf 83' lang='lat' dir='ltr'><strong><em>mei</em></strong></span> <span class='ocrx_word' id='word_1_312' title='bbox 590 3331 618 3375; x_wconf 87' lang='lat' dir='ltr'><strong><em>et</em></strong></span> <span class='ocrx_word' id='word_1_313' title='bbox 638 3323 768 3395; x_wconf 80' lang='lat' dir='ltr'><strong><em>aliorum,</em></strong></span> <span class='ocrx_word' id='word_1_314' title='bbox 788 3324 895 3376; x_wconf 86' lang='lat' dir='ltr'><strong><em>habent</em></strong></span> 
     </span>
     <span class='ocr_line' id='line_1_47' title="bbox 19 3392 553 3462; baseline -0.009 -15"><span class='ocrx_word' id='word_1_315' title='bbox 19 3398 104 3447; x_wconf 80' lang='lat' dir='ltr'><strong><em>Docte</em></strong></span> <span class='ocrx_word' id='word_1_316' title='bbox 123 3394 263 3445; x_wconf 83' lang='lat' dir='ltr'><strong><em>sermonis</em></strong></span> <span class='ocrx_word' id='word_1_317' title='bbox 281 3397 417 3462; x_wconf 79' lang='lat' dir='ltr'><strong><em>utriusque</em></strong></span> <span class='ocrx_word' id='word_1_318' title='bbox 435 3392 553 3461; x_wconf 83' lang='lat' dir='ltr'><strong><em>linguae.</em></strong></span> 
     </span>
     <span class='ocr_line' id='line_1_48' title="bbox 8 3458 915 3532; baseline -0.006 -17"><span class='ocrx_word' id='word_1_319' title='bbox 8 3482 37 3515; x_wconf 80' lang='lat' dir='ltr'><strong><em>re</em></strong></span> <span class='ocrx_word' id='word_1_320' title='bbox 55 3465 96 3515; x_wconf 81' lang='lat' dir='ltr'><strong><em>ita</em></strong></span> <span class='ocrx_word' id='word_1_321' title='bbox 115 3466 209 3515; x_wconf 83' lang='lat' dir='ltr'><strong><em>Acron</em></strong></span> <span class='ocrx_word' id='word_1_322' title='bbox 227 3463 440 3532; x_wconf 78' lang='lat' dir='ltr'><strong><em>Mamssctiptus</em></strong></span> <span class='ocrx_word' id='word_1_323' title='bbox 458 3462 488 3513; x_wconf 84' lang='lat' dir='ltr'><strong><em>in</em></strong></span> <span class='ocrx_word' id='word_1_324' title='bbox 507 3458 684 3512; x_wconf 78' lang='lat' dir='ltr'><strong><em>Bibliotheca</em></strong></span> <span class='ocrx_word' id='word_1_325' title='bbox 697 3461 803 3529; x_wconf 76' lang='lat' dir='ltr'><strong><em>Regiae</em></strong></span> <span class='ocrx_word' id='word_1_326' title='bbox 821 3458 915 3513; x_wconf 87' lang='lat' dir='ltr'><strong><em>Socie-</em></strong></span> 
     </span>
     <span class='ocr_line' id='line_1_49' title="bbox 8 3529 917 3597; baseline -0.006 -13"><span class='ocrx_word' id='word_1_327' title='bbox 8 3551 33 3586; x_wconf 87' lang='lat' dir='ltr'><strong><em>s:</em></strong></span> <span class='ocrx_word' id='word_1_328' title='bbox 58 3530 130 3584; x_wconf 64' lang='lat' dir='ltr'><strong><em>Orco</em></strong></span> <span class='ocrx_word' id='word_1_329' title='bbox 152 3546 205 3597; x_wconf 81' lang='lat' dir='ltr'><strong><em>est,</em></strong></span> <span class='ocrx_word' id='word_1_330' title='bbox 224 3531 310 3582; x_wconf 85' lang='lat' dir='ltr'><strong><em>Docte</em></strong></span> <span class='ocrx_word' id='word_1_331' title='bbox 329 3530 463 3584; x_wconf 83' lang='lat' dir='ltr'><strong><em>Sermonis</em></strong></span> <span class='ocrx_word' id='word_1_332' title='bbox 481 3530 631 3597; x_wconf 84' lang='lat' dir='ltr'><strong><em>utriusque,</em></strong></span> <span class='ocrx_word' id='word_1_333' title='bbox 651 3530 680 3579; x_wconf 82' lang='lat' dir='ltr'><strong><em>id</em></strong></span> <span class='ocrx_word' id='word_1_334' title='bbox 700 3542 752 3596; x_wconf 83' lang='lat' dir='ltr'><strong><em>est,</em></strong></span> <span class='ocrx_word' id='word_1_335' title='bbox 771 3529 872 3581; x_wconf 84' lang='lat' dir='ltr'><strong><em>Graece</em></strong></span> <span class='ocrx_word' id='word_1_336' title='bbox 891 3540 917 3579; x_wconf 88' lang='lat' dir='ltr'><strong><em>et</em></strong></span> 
     </span>
    </p>
   </div>
   <div class='ocr_carea' id='block_1_10' title="bbox 0 0 1130 3990">
    <p class='ocr_par' dir='ltr' id='par_1_36' title="bbox 0 0 1130 3990">
     <span class='ocr_line' id='line_1_50' title="bbox 0 0 1130 3990; baseline 0 0"><span class='ocrx_word' id='word_1_337' title='bbox 0 0 1130 3990; x_wconf 95' lang='lat' dir='ltr'><strong><em> </em></strong></span> 
     </span>
    </p>
   </div>
  </div>
 </body>
</html>
