2250 3990
261 223 459 268 sannorum
488 220 562 268 rte.
592 202 626 275 1,
661 166 694 284 4}
896 205 961 271 461

72 308 159 378 Usqne
179 307 340 373 laborantes,
358 308 422 359 dum
438 307 549 361 ferrum
565 304 679 358 molliat
696 304 779 375 ignis.
934 342 937 349 .

55 386 118 441 mto¹
134 386 230 429 autem
250 375 369 429 mollius
380 374 536 446 ‘leniusque
555 374 636 439 fluit,
657 372 774 427 literaia
789 368 961 429 interiecta?

71 448 157 515 Usque
176 447 338 511 laborantes,
358 444 421 495 dum
431 444 541 513 ferrum
557 442 688 497 emolliat
703 444 784 511 ignis,

55 514 112 567 eius
136 514 208 565 Hist.
233 515 335 580 XXVI,
364 526 406 578 14.
451 513 585 579 Plantaga
613 512 677 579 igni
703 510 832 564 emollita
857 512 963 567 melior.

55 582 126 635 rarii
144 591 239 635 autem
257 580 412 652 particulas
432 583 537 650 passim
556 580 662 632 eiicere
686 574 808 645 saldnts
824 581 875 633 uti
898 583 962 635 sina

55 651 86 705 tri
104 650 254 721 dispendia
271 650 336 703 fieri
353 657 453 729 potest.
480 649 584 702 'Codex
600 648 761 714 Leidensis,
773 649 882 715 ferrum
899 651 963 702 dam

55 720 106 773 'liat
120 721 211 786 ignis:
228 719 305 789 quad
323 726 410 772 ettam
427 717 542 835 νιιίῗαῐο
559 717 687 786 asperius
704 727 732 768 et
748 715 895 770 horridius
911 728 964 771 ast.

55 800 78 855 5.
103 787 230 854 Quemvis
250 789 338 839 media
353 804 416 841 erue
432 799 476 837 tur
494 786 521 855 a]
557 785 714 839 illudetur
731 786 767 837 ab
787 785 876 851 Aleia,
891 787 964 866 ⁸api-

55 856 504 990 tttstttttttstltttt‘
529 862 805 993 Piiilgiiisiit
833 855 965 993 „illst

55 1009 99 1061 μς
125 1010 186 1043 erue
202 990 382 1061 paucissimi,
408 1000 442 1043 ut
460 991 616 1043 Pulmanni
633 1007 721 1060 unus,
748 990 896 1043 Leidensis
912 1008 965 1044 no·

55 1078 64 1113 .·-
102 1069 132 1111 et
151 1078 167 1112 a
187 1074 274 1111 mann
293 1059 418 1112 secunda
437 1060 614 1129 Reginensis.
649 1060 712 1113 Iam
735 1059 857 1112 veroin
882 1060 965 1127 Elige
1019 1094 1031 1119 .,

57 1130 64 1143 ’
94 1138 136 1181 est
154 1129 228 1198 quod
248 1129 398 1203 quisquam
415 1129 620 1199 reprehendat:
640 1128 705 1179 ¹nisi
721 1128 797 1200 quad
817 1129 855 1181 ab
872 1128 978 1197 ipsam*

55 1196 171 1251 ilitatem
195 1198 375 1268 suspicantur
399 1196 489 1267 aliqui
515 1214 548 1249 ex
573 1196 662 1267 glossa
681 1197 835 1266 irrepsisse.
872 1197 964 1263 Elige,

55 1284 126 1334 rrpe,
155 1268 272 1334 quemuis
296 1267 416 1319 emedio
434 1266 531 1316 turdo:
561 1284 594 1319 ne
613 1284 682 1315 unus
700 1266 806 1335 quidem
822 1267 880 1317 sine
896 1267 966 1317 vitia

85 1337 122 1386 At
139 1352 201 1385 erue
220 1335 361 1405 (quamvis
377 1334 437 1387 iarn
476 1333 587 1386 laribus
603 1333 729 1404 placeat,
752 1342 780 1384 et
796 1333 873 1385 inter
890 1333 966 1404 ipsos

55 1402 181 1455 ocissimo
206 1403 241 1454 N.
265 1402 393 1468 Heinsio)
412 1403 450 1455 m'
474 1401 486 1453 i
509 1403 626 1471 quidem
649 1400 731 1454 nullo
754 1403 840 1455 mado
862 1401 965 1469 admit·

55 1469 123 1523 dum
139 1470 260 1523 videtur.
298 1471 411 1541 Quippe
430 1488 520 1520 eruere
538 1480 587 1537 ast,
606 1471 743 1529 latentem
761 1468 896 1589 alipuem,
915 1487 986 1523 an·.
1058 1493 1060 1499 ·

55 1538 169 1605 iontem,
189 1538 321 1607 invitum,
341 1537 491 1591 extrahere
509 1550 538 1588 et
554 1538 586 1591 in
603 1538 732 1593 medium
750 1554 803 1605 pro
816 1541 888 1591 arrei
917 1538 965 1591 Ci-

55 1624 70 1659 a
88 1606 177 1676 Epist.
197 1608 275 1665 Fam.
311 1606 438 1671 Profecto
459 1606 509 1655 tibi
524 1606 602 1656 illum
620 1608 759 1672 reperiam,
777 1607 832 1656 nisi
848 1608 879 1657 in
895 1607 966 1658 Dal·

55 1676 115 1725 tiam
133 1675 270 1740 aufugerit
276 1692 287 1735 ‚·
314 1687 339 1725 et
356 1674 417 1724 inde
435 1687 525 1724 tamen
541 1674 687 1743 aliquanda
706 1689 815 1741 eruam.
849 1674 966 1727 Tacitus

55 1753 110 1795 tar.
131 1743 190 1808 111,
218 1752 262 1808 83.
299 1740 409 1791 Abditas
425 1744 455 1791 in
472 1742 604 1807 tabernis,
631 1755 676 1791 aut
693 1744 798 1808 siquam
814 1742 843 1791 in
860 1742 966 1794 domum

55 1811 193 1876 fugerant,
218 1807 283 1859 arui
301 1809 471 1878 iugularique
490 1810 669 1877 expostulant.
704 1808 781 1879 Quid
798 1810 888 1876 erga?
922 1812 967 1863 An

55 1879 141 1930 ratius
159 1894 249 1927 eruere
267 1877 348 1939 iubet
372 1877 500 1944 quemvis
520 1878 617 1930 media
642 1876 741 1945 turba,
768 1879 849 1947 quasi
871 1879 968 1929 accul-

57 1956 115 1997 tem
132 1962 161 1997 se
178 1954 228 1996 aut
245 1945 344 2014 lugam
361 1944 567 2003 meditantem?
595 1964 663 1999 aare
688 1945 806 2011 dixerim
833 1962 900 2001 nam
918 1946 967 1998 ab·

55 2014 204 2082 dissimum
229 2012 347 2082 quidam
369 2013 453 2069 foret.
488 2014 556 2065 Sina
582 2014 670 2067 dubio
694 2013 772 2066 enim
796 2012 967 2069 alterutrum

56 2091 82 2149 t,
102 2090 151 2134 aut
167 2082 285 2133 obvium
304 2082 433 2151 quemvis
449 2081 626 2149 prehendere,
651 2092 701 2135 aut
719 2098 809 2133 unum
826 2098 913 2152 quam
931 2084 967 2134 li·

73 2150 109 2201 de
128 2149 228 2202 multia
254 2151 364 2217 eligere.
398 2149 497 2202 Facile
519 2151 767 2223 itaque.sontenti
789 2166 847 2202 esse
871 2168 967 2221 passu·

55 2236 68 2270 s
94 2226 123 2269 et
146 2219 305 2288 priscarum
331 2217 492 2271 editionum
518 2228 547 2271 et
574 2220 703 2293 plurium
730 2219 967 2281 Membranarum

55 2286 141 2339 dane.
176 2288 286 2339 Tamen
305 2296 353 2352 ut,
379 2287 454 2356 quad
471 2288 576 2355 sentio,
604 2288 702 2341 iibere
719 2287 828 2354 dicam,
857 2297 885 2340 et
904 2287 967 2341 anie

55 2355 123 2422 aliga
139 2371 174 2406 ex
192 2355 390 2407 Librariarum
408 2356 524 2409 officina
547 2374 605 2410 essa
630 2358 763 2409 arbitror.
811 2357 968 2410 veterrimi

55 2440 86 2477 m
109 2423 185 2491 apud
209 2424 369 2492 Cruquium
394 2423 554 2490 atandinii,
584 2434 613 2477 et
635 2425 860 2476 Pulmannianus
882 2441 965 2494 unus,

55 2509 87 2557 re,
106 2491 227 2543 hebent:
249 2508 282 2543 ex
300 2507 372 2560 quo,
393 2494 460 2560 quia
479 2509 537 2544 non
555 2493 663 2546 iniuria
683 2494 877 2562 improbatum
895 2500 966 2561 erat,
1004 2506 1008 2513 “

55 2577 147 2623 ‚enm
166 2558 218 2610 alii
235 2560 305 2625 elige
324 2560 492 2611 confinxisse
510 2559 649 2614 videntur.
669 2563 704 2612 Et
718 2560 849 2629 profecto
867 2563 969 2626 eripere
1060 2570 1062 2577 ’

55 2629 87 2683 tra
104 2636 192 2693 esset,
222 2627 397 2694 distinguere
415 2646 432 2680 a
448 2629 548 2696 turba,
582 2638 610 2681 et
627 2646 711 2699 supra
728 2627 830 2696 vulgus
847 2628 967 2683 tallere:
984 2682 988 2687 ,

55 2696 158 2748 Cicera
177 2696 206 2745 in
225 2696 312 2748 Bruto
330 2712 354 2747 c.
374 2712 416 2765 97.
451 2698 488 2747 Et
510 2710 536 2748 te
558 2698 663 2767 eripias
684 2716 717 2747 ea
736 2714 784 2761 ea,
810 2710 890 2764 auam
915 2714 967 2765 ego
1001 2716 1004 2723 ⁴

57 2765 132 2832 gessi
155 2767 185 2813 in
207 2763 278 2815 Ituna
301 2782 464 2831 sermonem,
492 2765 576 2818 turha
598 2780 778 2834 patronarum.
823 2763 907 2833 Quod
930 2766 969 2819 ab

55 2832 132 2885 :toris
149 2841 245 2885 mente
262 2840 322 2885 toto
340 2833 420 2885 caelo
439 2833 488 2886 hie
508 2834 600 2887 distat.
627 2836 819 2886 Veruntamen
837 2848 871 2893 ert
886 2850 968 2885 men·

55 2919 75 2954 ta
92 2900 147 2951 hac
167 2900 290 2954 lectione
307 2901 413 2957 melius
431 2901 515 2972 quid,
544 2910 605 2955 ists
642 2920 690 2969 ro,
718 2902 867 2969 variusque
884 2916 968 2953 axau·

55 2986 76 3022 'a
100 2969 218 3034 licebit;
250 2986 336 3039 quam
361 2987 434 3049 puae
459 2969 575 3024 librarii
619 2989 636 3023 e
660 2987 712 3026 suo
736 2968 884 3035 dederunt.
918 2969 970 3033 δίο

55 3052 87 3091 m
104 3037 256 3091 Horatium
274 3037 417 3106 scripsisse
434 3048 568 3092 autumo:
628 3046 636 3065 ¹

311 3110 431 3175 quesnois
450 3108 538 3159 media
556 3107 651 3178 arripe
669 3106 760 3179 tutha.

66 3174 179 3244 prima,
196 3187 261 3250 ¹pra
283 3190 365 3227 mare
382 3177 473 3227 veteri
490 3175 629 3246 scriptum
646 3175 702 3227 luit
717 3176 900 3247 Mediarripe‚·
924 3175 966 3231 al-

55 3245 249 3305 onextnto,
279 3250 310 3293 ut
333 3259 391 3294 oon
415 3260 481 3297 raro
505 3243 538 3295 in
559 3245 708 3297 Pendeatio
725 3244 911 3313 Florentinis,
939 3252 967 3296 et

56 3310 183 3364 mbranis
203 3309 419 3367 vetustioribus:
452 3320 548 3380 postea
573 3330 606 3365 ex
629 3313 725 3382 priore
750 3314 776 3363 R
796 3314 969 3367 effinxerunt
994 3333 998 3347 =

81 3379 210 3446 Quemvis
229 3378 317 3428 media
335 3379 414 3430 turba
433 3382 535 3448 arripe,
557 3381 684 3449 honest,
704 3380 900 3449 comprehende,
922 3400 966 3433 ac·

55 3466 88 3512 ra,
105 3448 251 3512 interroga,
270 3460 379 3509 erortte;
396 3451 515 3500 invenies
532 3464 579 3503 aut
596 3468 707 3502 avarum
724 3463 772 3500 aut
789 3451 965 3518 ambitiosum,

74 3516 129 3566 alio
151 3516 240 3581 aliqua
259 3517 324 3566 vitia
343 3516 530 3577 laborantem„
552 3519 653 3579 Ciaera
672 3518 709 3571 de
726 3518 847 3573 Oratore
889 3518 965 3584 1‚a.

109 3584 204 3653 Ejtttt
227 3583 302 3636 volis
324 3587 430 3656 arnoia,
458 3605 525 3659 ptiar
539 3588 714 3661 ,sentiebams
750 3602 818 3656 qttaa
834 3558 966 3656 sdrmsra,
