2250 3990
145 165 209 227 784
428 174 458 233 u.
500 174 661 217 acescit
701 173 832 218 rssccr
854 236 857 241 ι

146 260 224 315 deri3
252 265 365 329 praeter
390 266 484 309 cetera
508 257 599 324 enim,
629 271 701 326 quac
725 258 826 328 mitto,
855 258 920 319 ride
946 260 1036 329 modo
1054 264 1103 322 illa

136 329 217 401 'quac
234 337 418 405 sequuntur&
450 390 456 404 .
568 392 573 403 ι
740 382 742 386 .

389 409 500 442 nimium
516 402 647 455 patienter
664 406 803 461 utrumque

212 462 258 515 Ne
276 464 364 513 dicam
381 462 469 521 stulte,
489 460 595 519 mirati;
611 460 638 509 si
654 462 731 527 ruodo
750 481 799 527 ego
817 475 844 514 et
860 476 910 518 νος

214 535 317 583 Scimus
334 526 493 581 inurbanum
512 528 598 595 lepido
613 544 737 593 seponere
757 534 837 595 dicto,
857 546 905 584 etc.

144 592 267 655 Atteude
284 596 416 651 sodes-ud
435 594 508 663 illud
531 594 596 660 Vos,
624 613 641 646 c
659 597 789 663 Pisonen·
819 600 963 671 l’erqnam
990 604 1104 662 sciticas

144 664 261 723 ienitate
285 665 436 734 respondet
453 665 564 727 uesieu
595 662 618 713 si
642 664 759 734 eosqui
787 670 830 727 (ut
853 668 913 720 vult
937 670 1101 744 Decies-ius)

143 737 204 789 iam
225 736 354 797 Plautum
375 732 490 789 Graecis
510 742 710 802 opposuerant,
742 752 788 785 ens
815 736 932 805 iuquam
954 742 1030 810 ipsos
1049 752 1102 797 sta·

143 810 197 857 tim
214 802 355 875 appellat,
382 810 414 853 ut
429 816 525 853 secum
543 800 692 853 sentientes
708 810 736 855 et
755 802 887 858 Plautum
905 808 983 861 baud
1002 812 1103 882 magni

144 876 331 927 aestimantes.
888 877 892 887 '

177 958 234 1011 πῃ.
260 942 365 991 Vesisse
382 951 505 1003 poernata
527 937 636 1006 Thespis
664 936 740 1005 Quae
764 936 900 1009 canerent]
939 936 1032 997 Locus
1049 944 1099 998 bic

143 1008 178 1061 ab
197 1009 278 1060 annis
296 1010 419 1075 amptius
445 1005 525 1057 mille
549 1006 711 1075 turpissimo
734 1010 836 1061 mendo
859 1010 1045 1080 inquinatus,
1071 1015 1097 1066 si

141 1095 204 1129 mea
222 1094 306 1147 opera
325 1075 436 1127 tandem
454 1074 628 1125 emaculetur
665 1078 852 1147 ristinnmque
874 1088 902 1130 et
925 1096 1029 1132 sanum
1052 1099 1098 1133 co·

140 1146 241 1197 larem·
254 1145 385 1212 recipiet,
417 1142 516 1210 ecquid
537 1143 592 1193 erit
611 1161 626 1195 a
645 1094 751 1197 lictore
768 1146 874 1215 pretii?
908 1146 1096 1220 Contempla-

140 1230 214 1281 mur,
237 1209 430 1283 qstaliabodie
449 1210 664 1264 circumfertur:

209 1284 332 1347 Ignotum
354 1280 484 1345 Tragicos
501 1297 584 1345 genus
602 1280 735 1333 invenisse
752 1280 880 1333 Gammae

207 1350 323 1410 Dicitur,
343 1360 368 1398 et
384 1350 512 1414 plaustris
529 1348 628 1398 vecisse
643 1355 766 1414 primam
785 1348 902 1419 Thespis,

209 1416 284 1482 Quae
302 1429 425 1467 canerent
439 1430 594 1483 agerentque
610 1418 729 1481 peruncti
738 1417 863 1483 fascibus
879 1436 936 1470 ora.

138 1488 183 1538 Ita
199 1502 295 1536 carries
313 1487 415 1554 ubique
432 1488 530 1552 scripti
550 1483 673 1549 aditique
691 1485 838 1538 erbiuent:
867 1487 907 1538 ita
931 1486 1001 1541 citat
1019 1490 1093 1545 Dic·

137 1554 233 1605 nredes
251 1553 457 1605 Grammaticus
476 1570 502 1620 p.
519 1563 579 1618 2335.
602 1551 791 1617 itaeDonutus
814 1554 1029 1611 Proleuomenis
1054 1560 1091 1613 ad

138 1623 320 1687 Terentium,
348 1624 397 1673 ubi
421 1631 476 1671 tres
502 1628 619 1671 vetustas
644 1629 707 1670 ante
723 1620 839 1672 ¹annum
865 1622 923 1673 MD
948 1624 1091 1679 editiones

138 1691 286 1742 corisulens
303 1689 377 1740 nibil
395 1708 410 1741 a
427 1700 538 1757 recepta
557 1688 678 1739 lectione
696 1688 836 1741 diversum
854 1696 957 1759 reperi.
996 1696 1089 1763 Quale

137 1766 231 1810 tamen
249 1762 364 1810 obsecro
382 1758 453 1808 illud
466 1766 519 1821 est,
538 1759 638 1807 vecisse
652 1757 781 1822 pinastris
798 1758 946 1827 poemata?
963 1760 1020 1811 hoc
1035 1774 1087 1832 est,

69 1826 71 1832 '
136 1836 168 1877 ut
185 1836 298 1878 enarrat
316 1832 422 1890 Acron,
456 1825 521 1873 Tam
539 1826 622 1875 inulta
639 1826 790 1892 scripsisse,
821 1843 885 1893 quoe
901 1842 990 1893 posset
1006 1831 1089 1896 pinu.

135 1897 198 1944 stris
215 1894 352 1955 advehere.
376 1896 494 1945 'Mirum
518 1892 569 1943 linc
593 1892 734 1961 proiectu:
765 1902 926 1963 poteratque
949 1896 1083 1967 Thespis,

134 1971 167 2012 ut
184 1972 277 2030 postea
296 1963 404 2013 Cassius
422 1957 586 2027 Helrnscus,
605 1962 693 2028 capsis
711 1960 847 2031 librisque
864 1963 988 2032 propriis
1006 1982 1085 2017 com·

134 2029 199 2079 buri
218 2049 249 2082 ac
267 2030 400 2093 funerari,
420 2046 474 2096 qiio
494 2029 571 2079 bores
589 2028 664 2095 ligna
679 2028 852 2103 ¹lucraretur.
891 2033 993 2082 Verum
1012 2042 1080 2099 esto,

134 2107 165 2145 ut
184 2108 224 2148 tot
244 2102 368 2164 poemata
386 2098 542 2163 scripserit:
570 2096 637 2164 quid
656 2114 739 2165 opus,
769 2107 797 2147 ut
824 2116 855 2148 ea
875 2099 1003 2168 plaustris
1023 2101 1082 2150 cir-

135 2165 391 2215 cumvebereuturl
418 2182 452 2213 au
478 2179 509 2212 ex
530 2164 603 2214 libro
622 2174 682 2215 tum
701 2166 854 2216 recitabant
873 2177 980 2218 actores
998 2168 1079 2219 labu-

133 2231 244 2282 larum?
288 2230 469 2284 Ridiculum:
499 2248 533 2281 ne
558 2241 651 2299 postea
678 2233 788 2302 qindem
814 2232 869 2283 hoc
898 2237 999 2286 factum
1026 2247 1096 2302 est,·

133 2317 197 2351 cnm
219 2304 313 2368 poetae
337 2317 398 2350 suas
422 2300 590 2368 Tragoedias
614 2303 717 2370 scripto
739 2302 895 2369 vulgarent.
942 2308 976 2354 nt
1003 2305 1079 2356 nibil

153 2370 284 2437 uinquam
305 2369 394 2420 literis
413 2371 553 2419 urendasse
573 2369 709 2437 Thespia,
740 2385 865 2440 quaeque
884 2371 929 2420 illi
949 2372 1080 2424 tribuunt

131 2388 312 2502 ilatum-bus,
332 2438 443 2503 Pollux,
463 2438 590 2487 Clemens
610 2438 826 2503 Alexandrinus,
845 2447 872 2488 et
891 2441 988 2488 Noster
1006 2442 1080 2491 adeo

132 2509 191 2575 ipse
211 2508 293 2575 Ernst.
316 2509 354 2569 ll,
387 2525 409 2557 1.
434 2525 458 2556 s.
487 2506 540 2571 163.
573 2508 620 2555 ubi
646 2506 781 2575 populum
801 2515 895 2556 narrat
915 2508 1078 2561 Ronlanum

131 2586 192 2647 post
214 2578 318 2626 Punica
339 2577 453 2625 dcuunn
471 2574 544 2624 bella
564 2574 684 2641 coepisse
706 2585 849 2642 quaerere,

202 2645 272 2711 Quid
291 2643 428 2708 Sopiiocies
446 2654 469 2691 et
488 2641 605 2709 Thespis
623 2656 647 2690 et
668 2640 810 2707 Aeschylus
830 2640 893 2692 utile
904 2640 1022 2706 ferrent,

131 2714 227 2767 oinnia
244 2712 294 2761 ista
312 2711 406 2780 spissia
429 2720 455 2760 et
480 2712 513 2760 ab
533 2710 680 2759 Heraclide
704 2711 820 2760 Pontico
846 2710 988 2777 supposita
1008 2726 1074 2778 esse,

130 2781 227 2833 niitltis
253 2781 424 2846 argumentis
449 2778 555 2830 sistendi
580 2780 608 2827 in
634 2778 832 2828 Dissertatione
856 2779 890 2827 ad
916 2779 1076 2831 Phalaridis

130 2848 282 2918 Epistola<;
320 2840 401 2916 qnam
429 2848 475 2914 qui
506 2854 594 2914 potest
618 2856 664 2894 siit
687 2855 764 2896 vacat
789 2848 892 2912 poterit
916 2848 1074 2897 consulere.

130 2918 205 2988 Quid
224 2916 311 2983 crgo?
329 2935 363 2966 an
386 2915 512 2984 ploirstris
530 2914 700 2963 vehebantur
718 2919 846 2977 pennata,
865 2930 936 2981 qriae
953 2916 1004 2964 snb
1023 2906 1074 2967 illa

91 2995 97 3010 '
129 2987 302 3054 Tragoediae
322 2986 441 3035 infantia
466 2983 510 3033 vix
534 2981 609 3033 donri
635 2981 746 3049 quidem
771 2982 988 3032 scribebantur?
1017 2982 1070 3049 vel,

129 3065 160 3105 nt
178 3058 279 3122 scripta
299 3052 418 3118 fuerint,
439 3051 513 3103 dorni
534 3060 607 3100 certe
625 3049 869 3116 relinquebantur,
891 3058 918 3098 et
938 3052 974 3099 de
995 3051 1073 3119 plan-

129 3126 193 3177 stris
209 3123 372 3173 memoriter
389 3119 577 3172 canebantur?
613 3118 646 3167 Et
669 3117 780 3167 sensisse
805 3117 920 3183 quidem
946 3119 1073 3169 absurdi·

128 3202 213 3244 tutem
234 3193 305 3240 bairc
331 3191 459 3240 videntur
478 3187 601 3238 melioris
620 3194 701 3236 notae
725 3189 897 3252 interpretes.
935 3186 1071 3248 Poiruuto,

128 3262 223 3329 inquit
241 3259 386 3321 Lusium,
413 3274 457 3324 pro
476 3275 553 3305 serua
570 3255 728 3314 normannis,
747 3270 864 3301 caussam
884 3266 911 3301 ut
932 3256 1005 3303 nitent
1023 3273 1071 3319 pro

129 3342 258 3380 caiissnrn
295 3327 402 3389 Dignus
423 3324 518 3392 ntique
537 3340 584 3374 sun
602 3323 682 3372 laude
703 3329 757 3385 est,
786 3320 833 3387 ciui
853 3337 911 3369 non
931 3329 988 3372 tam
1006 3324 1070 3372 obe·

128 3417 174 3454 sae
192 3398 268 3449 naris
286 3405 357 3460 eret,
379 3405 409 3445 ut
430 3401 557 3462 receptae
576 3390 812 3456 interpretationis
829 3389 948 3439 foetores
966 3389 1069 3442 tolera·

128 3479 179 3519 ret.
226 3465 270 3519 Tu
293 3479 358 3515 vcro
383 3463 423 3516 sic
447 3478 559 3516 mecum
582 3475 686 3530 repone
709 3456 828 3512 meliora
850 3457 934 3526 longe
954 3475 988 3511 ac
1008 3474 1068 3512 cer·

129 3539 209 3606 tiore,
