2250 3990
96 186 173 228 v111
438 189 684 251 ,rasurarum
720 180 724 187 ’

100 292 162 353 qua
181 271 319 335 aditum
326 274 388 336 tibi
415 286 548 357 patere
541 276 691 338 adhaec
716 274 840 337 Nostra
851 274 967 338 frustra
991 296 1060 358 spe·

101 358 224 422 reseris
282 360 335 425 Sic
363 364 457 429 enim
480 383 512 425 se
534 383 583 427 res
603 363 714 424 habet:
752 363 862 423 diffusa
885 364 940 422 illa
963 363 1060 423 lectio

101 456 139 507 et
158 446 306 518 eruditio,
327 440 504 531 ueterisque
525 450 621 525 totius
643 448 728 515 Latii
749 460 786 511 et
803 440 956 509 Graeciae
978 451 1061 509 noti-

102 534 158 609 tia,
182 552 262 612 quae
283 535 319 594 in
340 535 399 597 illa
417 538 595 597 studiorum
614 539 747 596 materie
760 549 864 611 tutum
888 537 1059 606 constituit,

101 619 138 681 in
161 619 223 679 bac
245 618 358 683 Nostra
383 624 480 703 partis
500 623 653 683 duntaxat
679 598 812 682 infimae
841 634 873 682 et
894 622 1061 681 initiorum
1095 643 1098 654 ·

102 718 332 786 apparatusque
359 703 471 789 locuni
501 708 636 775 obtinet
700 708 820 775 Omnia
852 708 968 788 quippe
1001 706 1065 771 tibi

102 791 162 852 ista
182 795 217 861 in
234 807 411 857 numerato
434 813 499 855 esse
520 796 608 876 prius
632 807 772 874 oportet,
805 812 902 894 quam
924 795 964 853 de
986 813 1063 871 quo

74 932 77 937 .
103 878 149 937 vis
181 876 339 960 scriptore
372 883 440 943 sine
473 880 732 943 dementissimae
767 881 955 941 temeritatis
985 891 1063 938 uota

104 982 272 1025 censuram
300 987 394 1049 agere
422 966 557 1029 audeas:
595 981 641 1028 est
669 981 700 1028 et
720 968 843 1048 peracri
847 955 992 1047 iusuper
1014 967 1064 1024 iu·

104 1049 192 1110 dicio
218 1070 313 1132 opum
345 1066 391 1115 ert
418 1056 584 1133 sagacitate
614 1064 646 1113 et
673 1049 824 1134 ἐγχιιοιιιι
861 1064 926 1124 est,
957 1064 993 1110 ut
1023 1051 1064 1111 de

104 1135 289 1197 Aristarcho
308 1139 388 1200 oiim
407 1140 644 1220 praedicabant,
666 1138 828 1197 divinandi
850 1139 988 1239 quadam
1008 1156 1064 1217 pe·

104 1223 180 1281 ritis
196 1236 232 1282 et
258 1226 394 1309 μιιιιιῇι
425 1245 506 1307 quae
528 1226 617 1286 nulla
639 1222 805 1284 laborandi
825 1225 999 1304 pertinacia
1021 1223 1067 1282 vi·

103 1316 195 1367 tuave
216 1292 450 1390 longinquitate
471 1314 593 1399 acquiri
614 1320 759 1391 possunt,
785 1315 841 1368 sed
861 1323 994 1370 naturae
1016 1328 1064 1367 so·

103 1390 168 1453 iius
189 1404 326 1454 munere
346 1394 563 1477 nascendique
581 1397 734 1457 delicitete
756 1397 954 1474 contingunt.
985 1394 1065 1453 inde

104 1490 151 1538 ast
159 1479 291 1579 ‚quod‚
316 1500 391 1542 curn
410 1485 446 1542 in
465 1486 577 1543 ceteris
599 1480 775 1560 disciplinis
798 1496 929 1540 eventus
947 1480 1065 1539 labori

87 1563 167 1625 „bus
190 1568 331 1646 votisque
353 1570 558 1650 respondeam
588 1567 753 1629 contrairi
774 1565 834 1627 hac
856 1567 988 1626 Criticec
1009 1585 1064 1645 pa·

103 1648 229 1723 laestra,
253 1672 296 1712 ex
318 1666 383 1714 tarn
405 1656 529 1727 multis,
552 1656 607 1733 qui
627 1653 722 1713 libris
735 1653 935 1733 studiisque
927 1671 1067 1711 tnrenes
1098 1649 1100 1655 ’

101 1749 218 1797 center
245 1757 303 1817 per
334 1740 494 1820 integram
527 1741 624 1801 vitani
652 1737 716 1797 hoc
749 1756 861 1798 saxum
889 1739 1068 1808 volverunq

103 1825 295 1903 exstiterunt
323 1828 439 1909 oppido
466 1827 576 1907 pauci,
607 1826 862 1905 quisperatum
889 1824 953 1883 sibi
981 1825 1067 1903 apud

102 1922 246 1988 posteros
264 1922 388 1973 noman
409 1914 551 1972 nancisci
577 1912 753 1969 valuerunt.
799 1909 838 1969 Et
859 1923 989 1978 tamen,
1022 1928 1068 1968 ne

103 1995 140 2054 id
161 1995 243 2056 iorte
266 2001 406 2069 nescius,
440 1997 535 2075 longe
562 1996 721 2074 longeque
746 1992 913 2055 difficilius
941 2007 986 2054 est
1007 1993 1067 2053 bo-

104 2078 196 2159 die,
205 2096 317 2161 quarn
345 2083 560 2182 superioribus
586 2092 654 2140 erat
682 2081 791 2150 anuis,
827 2082 1068 2141 emendationes

104 2152 316 2231 conscribere.
374 2170 421 2227 lta
451 2170 562 2228 omnia
588 2164 665 2239 illa,
701 2184 782 2245 quae
809 2184 850 2225 ex
870 2169 1065 2247 soriptorum

105 2246 267 2314 Codicum
300 2254 472 2314 collatione
503 2253 590 2315 clare
622 2262 655 2311 et
688 2253 772 2312 ultro
806 2271 845 2311 se
864 2252 1066 2331 ingerebant,

100 2350 280 2420 praecepta
293 2338 366 2400 ianr·
381 2350 459 2400 sunt
477 2351 510 2399 et
535 2338 724 2418 anticipata:
753 2356 865 2438 tneque
893 2338 1067 2437 quidquam

104 2424 361 2485 ieroresiduum
382 2438 446 2497 est,
479 2425 548 2484 nisi
570 2424 661 2503 -quod
683 2441 726 2483 ex
750 2424 866 2483 intima
889 2427 1067 2485 sententiae

103 2512 143 2570 si:
159 2524 205 2572 et·
220 2512 370 2571 orationis
390 2510 502 2571 indole
527 2510 624 2571 solius
647 2511 772 2589 ingenii
800 2510 926 2589 operit
952 2530 1068 2570 eruen-

104 2595 196 2657 dumL
242 2595 338 2657 Plura
358 2597 457 2678 igitur
469 2599 513 2658 in
534 2595 717 2655 Horatianis
736 2594 898 2655 bis‘curis
924 2615 964 2654 ex
993 2614 1067 2655 con-

104 2682 228 2744 iectura
248 2683 457 2752 exhibemus,
487 2701 583 2762 quam
605 2680 825 2742 ex·Codicum
847 2681 1001 2750 subsidiot
1024 2694 1066 2752 et,

104 2768 244 2831 nisime
264 2770 375 2829 omnia
395 2770 525 2841 fallunt,
547 2768 737 2849 plerumque
759 2768 908 2849 certiora:
931 2787 1009 2827 nam
1030 2769 1067 2828 in

105 2856 199 2914 variis
228 2853 437 2916 Lectionibus
464 2857 531 2934 ipsa
560 2872 654 2935 saepe
681 2854 848 2914 auctoritas
874 2853 999 2927 illudit,
1036 2866 1069 2914 et

104 2956 225 3020 pravae
248 2940 576 3002 emendaturieutium
605 2941 762 3019 prurigini
789 2937 1009 3005 abblanditurt
1033 2941 1069 3000 in

101 3028 299 3087 coniecturis
331 3045 404 3087 vero
425 3040 549 3087 contra
583 3029 733 3086 omniurn
763 3023 934 3084 Librorum
968 3023 1068 3084 fidem

66 3150 69 3155 -
105 3113 322 3193 proponendis
351 3125 384 3173 et
410 3114 508 3174 timor
534 3114 698 3193 pudorque
725 3130 837 3171 aurem
861 3110 997 3175 vellunt,
1035 3123 1068 3171 et

106 3197 173 3256 tola
209 3200 289 3258 ratio
323 3217 361 3259 ac
388 3201 618 3260 sententiarum
652 3199 712 3257 lux
741 3197 973 3274 necessitasque
1000 3197 1068 3273 ipsa

105 3284 325 3345 dominantur.
373 3284 459 3362 Quid
479 3286 574 3365 quod,
597 3285 623 3344 si
645 3303 685 3343 ex
703 3299 769 3342 uno
790 3281 927 3341 alterove
946 3279 1069 3340 Codice

106 3369 341 3449 discrepantem
364 3372 433 3431 aliis
463 3373 652 3451 scripturam
675 3385 857 3448 exprome,
894 3366 1007 3426 frustra
1036 3387 1068 3428 es

108 3457 136 3516 si
160 3458 258 3516 unico
286 3455 447 3525 duobusve
475 3457 606 3518 testibus
636 3455 778 3514 adversus
808 3463 940 3512 centurn
968 3452 1068 3513 fidem

108 3540 215 3603 iacere
236 3542 389 3625 portulam
411 3544 473 3606 nisi
493 3555 542 3607 tot
561 3542 758 3623 argumentis
778 3540 963 3613 muniveris,
988 3559 1069 3621 quae
