2250 3990
90 186 152 249 108
373 201 404 258 p.
438 202 595 243 aarum
629 172 760 245 sancei
796 248 800 263 Ι
854 214 857 220 ·

62 286 65 290 ’
88 283 140 337 uhi
159 282 235 350 quill.
249 299 351 353 quaeso
371 290 412 334 est
431 282 559 334 renovant
577 284 670 335 noea?
688 270 775 355 auam
788 284 921 353 ineptum
935 290 962 335 sl

89 348 221 419 veiireu:
245 351 412 421 praesertim
430 368 496 403 eum
514 349 612 430 paullo
631 360 697 404 ante
717 352 843 423 dixerat,
861 348 921 421 pria
936 362 970 403 ur

90 421 184 472 Codex
208 428 330 473 vetustus
355 420 534 473 coloniensis
562 420 648 473 habet
676 434 820 473 revocant:
848 418 926 493 quod
945 420 970 473 ul

89 490 204 543 melius.
240 489 316 558 Lege
335 489 397 539 sine
414 488 508 553 dnbio,
592 515 600 555 .'

157 566 365 637 recoquuntque
383 576 453 609 nova
471 559 589 610 fornace
603 548 760 625 bipennes?
951 623 954 629 ¹

89 634 123 677 ut
139 626 277 693 Virgilius
293 626 358 677 loeo
376 624 436 677 iam
454 625 547 693 dieto,
575 640 720 695 recoquunt
728 624 905 695 semoribus,
928 620 970 677 etl

90 694 217 760 dontius,
237 695 353 761 fornace
373 707 512 744 recoctam.
549 693 637 765 Optat
653 694 746 763 igitur
762 692 912 761 Ηοηῑίμι,
935 693 965 745 ar

89 760 170 831 ru'rn,
199 762 277 833 quod
296 761 378 815 civili
397 778 496 813 eruore
514 762 659 830 pollutum
676 772 705 815 et
721 760 970 827 eommaeuh'tunl

89 830 147 883 iam
165 832 196 882 in
215 849 334 884 massam
347 830 506 897 redactum,
525 841 727 901 repurgatum,
748 841 777 885 et
793 840 970 895 remotum!

88 899 194 953 incude
211 901 384 953 formaretur
399 900 434 969 in
452 898 510 951 tela
527 901 748 953 eontrallrabas
767 908 799 953 et
813 900 970 969 Muniam

222 996 379 1067 xxxvl.
431 1014 483 1063 ln
512 1019 689 1066 raonem
714 980 915 1097 numnam·
954 1064 962 1087 Ι.

123 1121 164 1162 10.
186 1107 282 1159 Cressa
299 1123 333 1158 ne
352 1118 442 1156 eareat
458 1104 571 1173 pulchra
588 1108 645 1159 dies
662 1106 736 1175 nota]
776 1100 961 1167 Vexffisslnjfl

88 1173 167 1227 loeus
186 1184 241 1243 est,
262 1182 291 1225 el
309 1174 487 1226 eruditorum
506 1173 657 1227 homiuum
675 1170 970 1245 ‹lisputationibus'nel

30 1278 37 1298 2
89 1244 221 1295 Erasmus
241 1252 269 1295 et
288 1240 374 1312 pauci
397 1241 449 1294 alii
477 1242 595 1294 Thressa
619 1246 770 1313 corrigunt
795 1261 832 1295 er
855 1240 961 1295 Puris·

75 1310 140 1364 lib.
159 1312 217 1378 VH,
237 1326 279 1379 40.
300 1328 398 1361 morem
416 1320 557 1363 memorat
576 1312 711 1363 Thraciae
729 1315 826 1381 gentis,
845 1328 910 1381 quae
924 1276 970 1361 tris

90 1380 178 1431 colore
195 1380 334 1431 distinetes
351 1397 400 1445 pro
418 1382 594 1446 experimento
613 1383 738 1450 citiusque
755 1382 811 1433 diez·
826 1382 858 1431 in
873 1392 970 1431 urnml

87 1448 145 1512 dir,
173 1446 272 1499 album
290 1445 348 1497 diei
366 1446 464 1515 felici,
494 1446 607 1500 infelici
627 1450 744 1519 nigrum
764 1448 921 1517 assignans,
944 1458 969 1495 et

88 1533 178 1584 premo
196 1517 238 1567 elie
255 1527 394 1583 separatos
410 1518 574 1580 dinumerat,
604 1530 682 1586 atque
701 1520 740 1568 ira
762 1520 796 1569 tle
812 1532 915 1586 quoqne
927 1518 970 1581 Ν

90 1586 153 1636 ciat.
206 1586 285 1656 Quae
308 1585 405 1636 omnia
427 1582 604 1653 Phylarchus
625 1604 642 1639 a
663 1585 701 1637 ud
726 1586 888 1639 Zenobiam
910 1582 970 1635 un

88 1654 137 1721 Vl,
159 1667 198 1720 13.
240 1650 345 1721 Seyehis
361 1652 479 1709 tribuit:
500 1670 533 1704 ex
555 1670 611 1722 quo
657 1655 742 1707 liuius
759 1671 810 1707 sua
826 1650 970 1723 hamur

18 1778 22 1783 ,
88 1730 150 1791 tur,
185 1726 299 1774 notante
327 1720 536 1791 elegantissimo
562 1724 719 1777 Harduino.
765 1724 878 1777 Eadem
900 1722 970 1774 etit!

88 1788 250 1860 Phylarcho
270 1789 381 1861 profert
404 1790 504 1843 Suidas
527 1791 558 1843 in
577 1789 668 1859 Λευκὴ
685 1785 793 1860 'n‘pipm
839 1794 970 1853 veheret·

47 1906 50 1911 ,
88 1860 269 1924 scholiastae,
288 1859 449 1929 Porphyris
468 1868 496 1911 et
512 1860 595 1928 Aere,
614 1860 700 1929 plane
717 1858 825 1913 similia
841 1864 964 1923 narrant,

89 1929 124 1979 de
142 1928 299 1979 Thracibus
317 1936 366 1978 aut
382 1927 505 1995 Scythis,
537 1927 586 1978 sed
605 1929 790 1990 Cretensihus,·
804 1996 807 2001 1
820 1928 903 1983 unde
918 1932 946 1977 et
963 1922 970 1973 l

87 2014 146 2046 sam
165 2010 255 2046 noram
274 1994 375 2045 eodem
392 1996 476 2047 modo
494 1995 650 2065 explicant,
679 2016 735 2068 quo
755 1998 866 2067 priores
884 1990 970 2049 illill

87 2082 154 2114 sam.
193 2066 299 2114 Verum
319 2062 389 2113 haee
407 2063 523 2131 quidem
540 2063 738 2132 interpretatio
765 2076 970 2137 nequaqum!

87 2131 172 2185 facit:
187 2147 257 2185 ‚cunr
276 2129 354 2181 enim
370 2129 415 2181 vel
434 2131 580 2186 Cretenses
598 2134 643 2184 vel
661 2136 792 2202 Thraces,
812 2152 884 2187 nam
900 2140 970 2187 ult·

88 2198 194 2256 dixeris
211 2196 330 2266 perinde
348 2207 402 2265 est,
437 2198 496 2251 dies
520 2200 659 2268 singulos,
692 2213 778 2273 prout
803 2203 879 2267 hene
903 2198 970 2255 vell

88 2267 299 2337 processissent,
331 2265 376 2317 rel
400 2268 477 2333 aigro
498 2268 608 2320 calculo
627 2272 672 2323 rel
695 2274 755 2322 albo
774 2272 952 2324 notaverint·

88 2336 163 2389 fecto
188 2335 257 2387 sive
274 2334 391 2385 Thressa
412 2350 477 2387 nera
501 2338 559 2389 sire
580 2340 689 2402 Cressa,
721 2358 778 2391 non
792 2340 897 2409 'magis
915 2308 970 2391 alh!

88 2404 204 2456 felicem
231 2402 374 2454 caleulum
398 2404 446 2459 hie
470 2405 625 2474 indicaret,
656 2425 740 2476 quam
763 2411 874 2475 nigrans
900 2406 970 2461 seir

88 2482 178 2527 stum:
209 2473 315 2543 quippe
339 2480 367 2524 et
391 2474 475 2543 niger
498 2475 624 2526 calculus
649 2476 769 2529 Thressa
797 2485 876 2528 certa
902 2484 968 2529 nola

88 2558 177 2611 aeque
195 2559 226 2592 ae
247 2543 334 2595 albus.
377 2542 493 2593 Thressa
514 2544 610 2613 itaque
628 2554 703 2610 note,
727 2546 781 2597 nisi
803 2545 845 2597 sie
866 2545 954 2616 plene

88 2610 127 2661 ris
144 2611 269 2660 'candida
298 2608 434 2663 Thracum
458 2624 536 2674 nora,
567 2612 647 2664 nullo
672 2616 757 2666 modo
784 2613 862 2665 diem
887 2614 970 2667 benur

107 2678 257 2744 ulchrnm,
281 2678 394 2746 quale'm
416 2680 464 2731 hie
487 2681 612 2732 celebrat
630 2683 777 2749 Horatius,
809 2693 915 2736 notare
935 2690 970 2753 po

86 2697 210 2799 hreinde
228 2744 306 2799 aliud
327 2746 408 2815 quid,
432 2756 459 2798 et
476 2749 499 2799 si
517 2750 581 2801 fieri
594 2760 704 2819 polest,
725 2750 829 2803 melius
850 2752 970 2819 indagor

87 2825 137 2866 est.
184 2818 274 2884 Atque
300 2815 374 2866 illud
398 2815 530 2886 inprimis
554 2836 582 2868 se
607 2819 705 2884 offert,
742 2820 816 2888 quod
837 2820 970 2873 eruditiss

87 2883 252 2937 Haeduinus
275 2886 435 2952 proposuit,
467 2888 585 2937 eumad
611 2886 706 2939 locum
724 2888 812 2940 Plinii
836 2889 899 2941 iam
919 2890 970 2942 eiu

86 2961 149 3005 tum
177 2952 208 3003 in
237 2952 383 3021 praeclaro
410 2970 427 3004 a
448 2970 495 3004 ere
524 2954 558 3006 ele
581 2946 713 3007 Nummis'
735 2954 917 3027 Papularum
941 2964 969 3009 et

10 3060 13 3065 ι
85 3020 182 3087 bium,
205 3036 276 3071 voce
293 3021 399 3072 KTAlt
437 3040 447 3071 :
472 3022 521 3073 ubi
546 3025 667 3075 Cressam
685 3038 775 3075 notam
794 3042 848 3095 pro
870 3026 970 3079 virriG

36 3118 40 3125 ·
85 3102 151 3141 nora
168 3086 289 3157 accipit,
307 3098 341 3139 ut
356 3089 426 3141 alibi
445 3091 549 3143 Noster
570 3092 663 3143 Carni.
683 3094 718 3157 ΙΙ,
742 3107 766 3159 5.
796 3103 824 3146 et
845 3095 940 3147 Serm.
959 3094 970 3145 1

85 3170 150 3208 aare
170 3158 295 3220 Falerni,
328 3166 357 3207 et
380 3159 514 3211 similiter
533 3159 685 3212 Cicereia
705 3162 791 3213 Bruto
811 3180 835 3213 e.
861 3168 906 3229 33¹.
944 3164 970 3215 Gr

85 3234 181 3279 autem
198 3228 261 3281 vino
278 3226 348 3275 diem
364 3227 504 3293 pulchram
522 3227 571 3281 hie
590 3230 745 3297 celebrari,
771 3241 803 3281 ut
823 3230 925 3283 Carm.
944 3230 970 3283 11

85 3295 155 3346 rlr‘em
179 3294 275 3345 honum
300 3295 359 3349 enti
381 3312 417 3349 ua
439 3304 519 3363 testa,
546 3305 574 3347 et
593 3298 650 3363 ΙΙΙ,
671 3308 713 3357 28.
736 3301 806 3350 diem
818 3299 928 3367 festum
949 3316 970 3353 rr

84 3361 144 3415 tlito
170 3362 309 3415 Caecubo.
357 3314 448 3416 gorra
470 3366 572 3416 vinnm
590 3366 738 3418 Creticum
762 3370 791 3418 in
819 3370 939 3419 maa-ima
962 3386 970 3437 J

83 3428 205 3483 habiturn
213 3429 306 3497 fuisse
326 3431 486 3483 Clementem
504 3434 623 3500 Paedag.
642 3437 682 3485 II.
701 3436 819 3503 eliasque
837 3438 970 3504 permulto

85 3499 180 3550 euisre.
219 3499 282 3549 Hue
301 3500 449 3567 recidunt,
472 3518 666 3573 quaecumque
684 3520 735 3574 pro
757 3504 900 3558 firmanda
919 3522 970 3557 sua

85 3567 179 3625 tentia
203 3566 323 3624 eleusis
345 3568 379 3639 iu
405 3568 476 3623 loeis
500 3571 622 3643 protulit
644 3572 688 3627 vir
711 3572 886 3643 ingeniosus.
932 3576 970 3627 ut
