2250 3990
348 256 548 331 sar-uouisse
578 288 650 336 ms.
683 267 799 341 11,-1.
918 276 921 283 “
992 268 1056 338 bil

57 370 140 435 queis
160 368 288 435 existis,
307 369 354 437 qni
371 370 576 437 Philosophiam
594 366 773 436 coaluerant,
796 372 867 441 quod
883 370 984 435 solent,
1005 371 1049 421 di-

57 439 159 489 serit.
196 437 280 490 Vides
298 438 373 507 iam,
403 439 521 518 opinor,
551 439 696 502 allatrare,
720 439 870 505 oblatrare,
891 440 1046 506 collatrare,

57 505 274 559 nontameliae
292 504 357 560 loco
376 509 483 576 ubrque
501 508 586 576 poni:
619 508 690 559 adeo
710 515 743 557 ut
759 508 922 577 turpissime
945 524 1046 577 pecca·

57 574 154 625 verit
172 575 310 637 Horatius,
332 576 357 627 si
376 584 470 646 partes
488 575 603 629 homini
621 578 726 641 integra
747 572 865 639 dederit,
888 592 960 645 quaa
977 584 1044 629 sunt
1103 604 1105 609 v

57 642 168 697 invia
184 651 233 695 aut
250 645 353 710 ignavi.
389 645 464 711 Ergo
484 652 513 694 et
529 646 591 713 ipso
610 645 747 693 allatrasti
759 643 947 696 Pantolabum
964 661 1043 696 scur-
1118 648 1120 653 '

57 706 149 777 ra‘m,
172 720 200 760 ct
218 710 376 764 Pantiliurn
394 711 548 767 cimicem?
582 712 693 781 Nempe
711 718 742 762 tu
761 711 847 765 bomo
865 710 954 765 nihili
970 719 1042 769 tuuc

57 778 256 831 obtrectabas
273 780 331 831 ciri
349 781 468 848 optimo,
1051 806 1054 813 ·

146 845 204 913 Qui
221 847 316 898 melior
333 843 433 913 multis,
452 866 531 915 auam
548 860 586 914 tu,
597 847 667 914 suit,
686 845 815 912 improbe,
836 845 922 899 rebus.

57 913 148 985 Quis
166 924 262 966 utitem
280 915 334 967 tibi
353 915 439 967 finem
458 915 576 981 haheat,
604 916 639 967 de
656 924 685 966 te
704 922 763 965 tam
781 913 857 965 malo
874 921 903 966 et
919 912 1041 967 absurde

57 982 227 1053 loquenti?
247 983 389 1051 Equidem
405 1003 423 1037 a
440 1000 486 1036 nte
503 984 660 1053 impetrare
676 982 731 1035 boc
745 996 904 1052 numquam
921 991 1038 1054 poterat

57 1060 167 1123 neque
186 1049 294 1121 dubito,
316 1053 387 1123 quin
404 1053 445 1107 sic
462 1051 533 1105 olins
551 1069 568 1103 a
584 1060 615 1105 te
630 1051 794 1132 proiectum
810 1051 909 1121 tuerit,

127 1166 130 1171 .
318 1145 321 1152 ·
650 1138 674 1171 st
711 1136 736 1170 rs

144 1183 303 1255 opprobriis
321 1189 433 1257 dignum
449 1188 627 1255 laceraverit,
646 1138 753 1254 inibger
767 1189 843 1256 ipse:

57 1254 150 1379 &uod
168 1256 339 1310 vocabulum
358 1258 443 1309 unice
460 1256 529 1309 huic
548 1256 614 1310 loco
632 1266 731 1327 aptum
756 1267 785 1308 ot
804 1253 966 1327 appositum
985 1256 1036 1305 eet.

82 1324 223 1376 uotonius
243 1324 278 1376 da
292 1325 383 1379 lllust.
396 1327 560 1379 Grammat..
573 1342 598 1377 c.
616 1326 673 1378 XV.
706 1325 831 1376 Lenaeus
850 1337 924 1376 tanto
945 1336 1035 1372 amore

57 1406 139 1461 erga
166 1392 287 1461 Pompeii
310 1396 463 1446 memoriam
491 1392 609 1460 exstitit,¹
639 1406 669 1444 ut
688 1393 843 1445 Sallustium
860 1391 1036 1454 Historieum,

57 1461 144 1533 quod
161 1479 220 1511 eum
238 1463 293 1512 oris
308 1463 400 1528 probi,
426 1464 516 1513 animo
533 1462 711 1515 inverecundo
727 1463 892 1529 scripsisset,
918 1457 1034 1511 acerbis·

57 1531 141 1583 eima
159 1531 245 1581 satira
264 1530 440 1595 laceraverit.
477 1529 557 1580 Idem
582 1531 614 1580 iu
637 1528 712 1595 Iulia
733 1545 757 1580 c.
785 1529 904 1597 LXXVI.
929 1523 1034 1579 carmi-

60 1596 156 1650 nibus
181 1598 442 1648 maledicentissimis
464 1597 620 1649 laceratam
645 1598 868 1648 existimationem
892 1614 968 1647 suam
995 1592 1034 1643 ci-

64 1666 120 1717 vili
147 1668 237 1715 animo
262 1667 334 1716 tulit.
378 1664 496 1717 Tiberio
522 1681 546 1715 c.
572 1665 669 1733 nyt.
714 1666 846 1715 Artabani
870 1663 1038 1715 Parthorum

65 1735 145 1801 regis
162 1733 303 1783 laceratus
321 1740 364 1783 cst
382 1733 483 1796 literis,
511 1730 662 1798 parricidia
685 1744 711 1782 et
735 1734 828 1782 caedes
851 1746 876 1782 et
894 1732 1033 1801 igrtoniane

67 1814 93 1853 et
114 1802 251 1850 luxuriam
268 1801 427 1851 obiicientis.
462 1799 629 1852 Domitiano
655 1800 756 1853 xxtll.
795 1800 894 1851 Contra
920 1800 1047 1848 Senamo-

69 1870 138 1919 also
157 1867 272 1917 laetatus
291 1881 344 1932 est,
376 1881 405 1917 ut
432 1869 533 1935 repleta
559 1868 680 1919 certatim
698 1868 773 1918 curia
792 1882 847 1917 non
863 1874 1038 1935 temperaret,
1104 1922 1109 1931 ‚

57 1938 137 2004 ,pitin
162 1949 294 1986 mortuum
321 1937 584 1999 contumeliosissimo
611 1949 689 1997 atque
712 1935 881 1985 acerbissimo
900 1934 1036 1984 acclama·

70 2006 174 2054 tionum
195 2021 292 2068 gessere
309 2004 457 2055 laceraret.
493 2004 592 2056 Livius
609 2004 711 2069 XXXI,
733 2004 758 2055 6³
795 2004 879 2070 Aegre
898 2020 957 2052 eam
977 2016 1037 2069 rem,

68 2074 145 2140 passi
163 2071 256 2122 Patres
262 2091 273 2133 ;
296 2071 495 2141 laceratusque
510 2072 622 2141 probris
642 2073 671 2121 in
688 2084 782 2122 senatu
799 2071 921 2123 tribunus
936 2066 1046 2136 plebis.-

69 2140 189 2204 XXXll,
217 2159 243 2192 a.
278 2140 337 2191 Hoc
358 2154 460 2191 tractus
477 2141 585 2191 vinculo
605 2141 831 2207 quum-rsaissa,
851 2138 956 2205 ingenti
972 2152 1032 2187 cum
1053 2171 1058 2179 .

69 2208 175 2258 inuidia
192 2209 221 2258 in
240 2210 366 2260 Senatum
383 2211 473 2261 venit:
501 2209 540 2258 ibi
559 2226 638 2276 quum
659 2206 798 2259 laceratus
816 2206 924 2274 iurgiis
935 2202 1034 2257 multo-

68 2290 129 2327 rum
155 2290 229 2327 esset.
274 2277 384 2342 XLIII,
413 2293 440 2342 4.
483 2275 638 2327 Lucretium
661 2276 763 2326 tribuni
783 2276 870 2341 plebis
896 2274 1031 2339 absentent

68 2344 256 2396 concionibus
285 2346 400 2395 assiduis
421 2345 595 2397 lacerabant.
630 2343 747 2395 Tacitus
773 2342 875 2395 Annnl.
902 2344 953 2407 IV,
986 2358 1031 2406 ao.

67 2412 179 2463 Assiluit
201 2412 324 2464 Tiberius
341 2414 476 2481 probra„
493 2414 588 2481 quibus
609 2429 658 2480 per
682 2412 816 2463 occultum
840 2409 1030 2462 lacerabatur.

68 2478 186 2532 Attiliue
203 2481 421 2532 fortunatianus
441 2499 472 2550 p.
496 2481 572 2546 2692.
608 2480 731 2530 iambica
755 2480 888 2529 maledica
911 2478 1037 2529 earmina

57 2548 224 2614 *appilianm
251 2550 321 2617 quod
338 2548 388 2598 ltoc
406 2566 488 2599 metro
506 2549 570 2598 olim
588 2547 715 2599 lacerare
733 2560 759 2597 et
777 2548 881 2596 laedere
897 2546 1029 2596 solebant.

67 2616 124 2668 Sea
149 2617 219 2667 baec
241 2617 309 2669 satit
333 2614 488 2687 superque:
526 2618 612 2685 plena
639 2615 718 2667 enim
744 2613 940 2682 exemplorum
966 2619 1034 2662 sunt

69 2684 178 2737 omnia.
215 2684 307 2751 Illud,
338 2684 438 2749 credo,
466 2684 497 2735 in
515 2684 560 2736 his
576 2683 636 2735 iam
653 2682 872 2745 animadvertis,
897 2680 1042 2730 Lacerare·

61 2754 251 2816 ¹concionibus,
269 2754 365 2817 literis,
384 2754 488 2819 iurgiis,
508 2752 620 2818 probris,
640 2751 825 2815 Carminibus,
845 2748 960 2813 lambis,
982 2748 1032 2797 Sa-

69 2824 139 2886 tira,
162 2822 247 2889 plane
265 2823 341 2890 apud
359 2821 425 2873 illos
443 2821 517 2888 dici,
546 2830 578 2870 ut
595 2820 671 2890 apud
691 2820 827 2870 Nostrum
846 2816 965 2867 lacerare
983 2832 1032 2881 op-

66 2890 193 2957 probriis.
229 2890 304 2942 Cava
322 2891 417 2956 enirn,
445 2890 592 2957 opprobriis
616 2896 682 2939 cum
699 2886 786 2953 vulgo
805 2883 841 2955 ab
859 2880 969 2951 dignum
986 2898 1032 2936 rc·

68 2956 178 3008 tuleris.
214 2958 294 3011 Ordo
313 2959 390 3009 enirn
408 2966 457 3022 est,
479 2956 573 3023 siquis,
590 2956 645 3022 ipse
663 2956 776 3020 integer,
795 2950 942 3019 opprobriis
959 2951 1033 3001 lace·

69 3028 170 3076 raverit
188 3026 307 3091 dignum.
344 3026 438 3076 Multo
456 3025 556 3093 utique
574 3023 731 3092 elegantius
750 3022 805 3073 boc
828 3027 885 3085 est,
915 3026 948 3069 ut
971 3020 1032 3085 dig.-

67 3112 133 3143 num
160 3094 288 3147 absolute
316 3094 378 3145 sine
404 3093 541 3146 adiuncto
570 3100 702 3161 ponatur.
746 3090 793 3143 sio
816 3088 924 3149 Noster-
948 3084 1031 3157 alibi,

68 3163 159 3215 Serus.
180 3162 217 3225 ΙΙ,
238 3174 262 3215 o.
284 3178 310 3212 v.
333 3178 392 3229 1⁰5·
490 3168 495 3207 .·
881 3158 884 3165 '

140 3231 195 3279 Cur
213 3242 273 3294 rget
290 3228 428 3297 indignus
445 3230 594 3298 quisquam,
613 3238 639 3277 te
656 3223 766 3276 diuite?

69 3298 174 3351 Cicero
194 3298 270 3367 aluid
288 3297 418 3348 Servium
437 3298 473 3348 ad
490 3299 560 3347 Aen.
577 3295 631 3360 Vi,
653 3295 713 3345 nn.
748 3290 952 3361 Digaieigitur
975 3292 1032 3343 lar·

68 3369 197 3435 pieridum
217 3379 263 3416 est.
301 3365 430 3415 Incertus
447 3364 524 3433 apud
541 3360 729 3415 Scholiastcm
744 3358 892 3413 luvenalis
908 3360 956 3411 Sat
974 3362 1007 3413 V·

138 3435 235 3503 Digna
255 3434 364 3500 dignis:
384 3436 422 3483 sic
441 3435 593 3484 Sarmentus
610 3430 708 3485 babeat
727 3445 833 3481 crassas
849 3429 998 3497 compedes,

69 3503 188 3559 Plautus
208 3503 327 3553 Curcul.
347 3504 393 3567 lV,
415 3519 439 3555 2.
457 3519 483 3551 v.
503 3518 544 3569 η.

139 3571 269 3638 Indignis
286 3573 311 3621 si
331 3570 401 3620 male
418 3570 526 3633 dicitur,
545 3566 720 3619 maledictum
734 3566 764 3617 ii
782 3581 839 3617 esse
856 3564 943 3617 elutos

146 3640 243 3693 Verum
270 3640 296 3693 si
322 3636 418 3711 dignit
443 3638 559 3709 netur,
583 3634 754 3715 benedictum
776 3646 815 3687 est
842 3640 913 3689 nico·
928 3630 1037 3702 quidem

639 3720 739 3758 ammo.
