2250 3990
109 158 165 232 'iv'
347 189 351 197 ·
492 182 707 231 unanimo.
805 198 814 219 ι
837 200 840 215 =

32 346 35 351 ·
80 342 83 347 ·
118 288 266 384 fierent,
285 290 435 387 ¹quisto'b
460 295 515 365 rei
538 278 725 367 familiaris
749 289 933 391 angustias
967 293 1082 365 maio-

118 401 168 471 nis
194 396 300 492 pretii
324 399 527 492 sumptibus
553 399 708 488 impares
735 399 779 466 ab
802 398 985 489 emptione
1009 399 1080 466 uti·

119 500 253 579 lissimi
290 501 440 591 operis„
475 500 569 570 curis
604 500 736 572 iteratis
760 496 946 593 proliiiius'
967 500 1078 588 editi,

121 623 230 701 aegre
255 600 493 699 abst'iuerent5
523 605 748 695 Bentleianas
775 617 896 671 autern
923 598 1079 695 disputa-

71 782 72 786 ,
110 708 238 778 tiones
275 705 314 773 in
351 706 505 774 aliarum
550 705 750 774 editionum
794 701 945 800 singulis
974 704 1082 785 ·locis

26 814 27 818 ’
54 892 59 911 .
122 807 434 901 carptimobvias,
462 829 506 874 ex
525 806 895 902 impugnatorumque
922 822 1079 876 tantuma

122 910 233 981 modo
260 925 412 981 censura
441 909 603 1002 enotatas
630 911 690 981 vix
723 909 849 1002 primis
880 908 985 977 labiis
1018 898 1080 974 de·
1111 934 1117 948 ⁴

34 1052 37 1059 ·
122 1026 315 1111 gustarent.
391 1008 489 1081 Tum
527 1028 612 1082 vero
650 1012 813 1085 omnino,
840 1010 938 1083 haud
977 1009 1080 1083 dubi·

76 1116 84 1124 ’
123 1114 274 1186 tandum
313 1126 387 1204 est,
436 1113 524 1204 quin
564 1111 636 1185 hac
673 1115 749 1184 sola
781 1112 838 1184 via
873 1127 909 1182 et
940 1114 1080 1193 ratione

57 1205 59 1209 Α
121 1217 364 1304 Bentleiana,
395 1238 503 1306 quam
538 1217 649 1287 hodie
673 1215 903 1309 potissimum
928 1215 968 1284 in
991 1198 1080 1286 Ger-

122 1320 244 1390 mania
266 1312 405 1389 felicius
429 1315 570 1414 ingredi
593 1320 711 1412 solent
738 1319 812 1387 iere
840 1332 984 1408 omnem·
1016 1317 1080 1410 qui

116 1414 218 1492 ¹ultra
247 1419 410 1491 tirocinia
442 1419 590 1507 docent,
628 1422 758 1490 harum
786 1421 984 1491 litterarum
1012 1434 1080 1489 sta·

122 1536 240 1611 tores,
292 1522 452 1615 profecto
486 1522 686 1613 aoduratius
730 1521 931 1612 quoddam·
951 1527 1080 1615 poetae

123 1623 284 1693 studium
310 1638 582 1716 promoveatur,
613 1624 725 1716 quam'
742 1626 898 1693 istorum
918 1623 1078 1711 lautitiis,

124 1726 208 1818 qui,'
227 1726 257 1795 si
269 1726 350 1796 Diis
369 1726 490 1818 ‚placet
514 1715 677 1813 difformis
704 1756 750 1777 -
776 1727 922 1796 Veteres
947 1718 1081 1796 habent

75 1822 78 1827 ’
124 1835 252 1921 epatu&
278 1860 328 1879 ···
353 1828 480 1897 Vatem
506 1824 729 1918 interpretari
753 1828 970 1898 maluerunt.

215 1926 329 2022 ‘Quae
352 1951 465 2019 quum
496 1950 756 2023 saepenumero
782 1929 906 1998 animo
940 1943 1080 2023 reputa*

19 2038 43 2083 ἓ
64 2100 70 2114 .„
124 2016 301 2100 vissemus
327 2043 433 2118 atque
456 2027 569 2125 iidem
593 2026 830 2117 vidissemus,
867 2035 1079 2121 permultos,

125 2133 189 2224 qui
213 2149 337 2225 postea
363 2130 575 2218 extiterunt,
609 2147 683 2200 tam
717 2130 857 2200 criticos
890 2155 999 2222 quam
1025 2136 1081 2200 in·

24 2306 26 2313 ,
55 2228 58 2236 ’
105 2247 314 2327 ‚terpretes,
353 2233 447 2301 iusto
475 2233 633 2325 saepius,
661 2232 889 2325 potissimum
917 2230 954 2302 in
979 2234 1081 2328 Lyri-

126 2335 188 2424 cis',
214 2335 283 2405 ubi·
301 2335 484 2405 interdum
510 2335 679 2405 nonnihil
704 2334 834 2430 frigere
851 2330 1081 2406 soletBnur·

23 2464 25 2469 ’
126 2460 259 2524 nurus,
297 2459 471 2530 perquam
504 2439 601 2509 male
631 2433 798 2531 habuisse
828 2435 1080 2508 doctissimum

124 2536 328 2641 hpmimem,
355 2556 512 2629 eumque
537 2541 595 2608 vel
618 2539 658 2608 in
683 2537 963 2608 aberrationibus
981 2560 1080 2632 mag-

124 2660 235 2731 num,
268 2656 321 2729 et,
355 2639 451 2733 quod
477 2641 611 2733 ubique
636 2640 802 2710 locorum
827 2642 867 2710 hi
893 2663 1080 2710 commen·

123 2743 206 2811 tarii
235 2734 306 2836 ipsi
332 2737 474 2834 optime
498 2745 669 2835 probant,
709 2740 748 2810 in
779 2742 940 2836 singulos
973 2760 1079 2833 quos-

124 2864 228 2934 que„
258 2844 316 2925 ‚vel
347 2845 386 2912 in
411 2845 520 2913 istum
548 2848 761 2914 Buranun
788 2864 926 2938 semper
949 2844 1079 2916 huma-

123 2968 227 3034 num,
249 2946 376 3016 «immo
401 2969 487 3015 vero
512 2934 841 3033 modestissimum
879 2947 1079 3015 nonnullos

81 3135 84 3139 .
124 3047 218 3137 adeo
242 3048 450 3135 recentioris
474 3049 610 3138 aetatis,
632 3050 725 3117 inter
744 3069 835 3141 quos
861 3065 896 3118 et
913 3054 1078 3119 Wnrzn'-

76 3194 81 3205 ·
123 3171 224 3219 mou
248 3149 358 3220 {uisse
384 3149 564 3242 dolemus,
598 3150 786 3223 acerbitate
812 3152 966 3240 quadam
995 3172 1079 3220 vere

123 3249 336 3342 Scioppiana
371 3253 536 3321 incitatos
578 3254 655 3331 eius
698 3274 835 3321 nomen
882 3251 1081 3324 identidem

49 3386 53 3407 ·
116 3336 293 3422 ‘conviciis
326 3354 555 3424 dilaoemtum
587 3379 701 3447 paene
732 3352 820 3423 risui
850 3355 1078 3446 exposuisse:

59 3457 63 3473 “
120 3474 166 3522 eo
191 3453 370 3527 lubentius
394 3456 626 3548 probavimus
651 3457 824 3549 Libram,
858 3458 933 3533 vui
964 3456 1082 3540 hone:
1115 3538 1121 3549 Ι
