2250 3990
433 200 649 251 rnrrnrrto.
683 230 691 239 .
757 184 760 193 '
914 244 935 257 „
977 198 1019 245 rx

57 290 106 351 vel
130 288 196 351 sola
224 306 311 369 pene
338 287 408 349 sine
445 288 573 353 Codicis
598 285 784 349 testimonio
800 282 842 365 'fei
868 284 917 349 rei
944 304 1016 368 pro·

55 379 179 440 handae
201 375 348 435 sufficere
370 376 500 454 possint,
543 374 621 435 Noli
650 374 757 454 itaque
781 370 942 435 Librarius
968 393 1019 432 so·

54 465 101 525 los
130 465 292 531 venereri3
333 461 386 520 sed
415 482 472 542 per
501 473 533 521 te
560 480 669 541 sapere
697 460 798 534 aude,
829 472 867 521 ut
892 459 1018 538 singula

56 552 96 610 ad
125 549 279 609 orationis
306 547 439 609 ductum
467 553 686 627 sermonisque
718 549 851 624 genium
887 547 1019 624 exigens

56 639 101 698 ita
125 637 261 694 demum
276 635 466 713 ¹pronunties
490 637 744 713 sententiamque
771 631 862 697 ieras.
904 630 1019 692 Enim·

58 741 130 781 vero
150 719 238 780 haud
262 721 365 780 animi
386 740 441 779 me
462 720 561 791 fallit,
594 732 642 780 tot
666 720 709 778 in¹
728 717 842 777 Flacco
865 717 1017 777 ernenda-

58 811 162 879 tiones
183 807 306 885 iniquis
325 806 427 865 oculis
449 808 616 886 plerosque
642 815 835 885 aspecturus,
869 820 930 863 nec
956 805 1018 866 nisi

59 897 94 953 ri
116 904 149 953 et
170 893 314 972 ingratiis
334 904 474 972 receptas
494 905 561 953 tam
584 893 641 952 diu
661 891 815 951 lectiones
834 903 1018 970 veteresque

58 982 141 1039 eries
162 979 225 1038 sibi
245 978 363 1038 revelli
384 997 533 1057 passuros.
585 978 710 1058 Quippe
736 978 772 1036 in
792 976 863 1035 aliis
884 979 1018 1037 auctori·

60 1065 119 1124 bus
142 1066 251 1124 minus
280 1063 341 1123 sibi
368 1067 448 1125 tritis
470 1083 526 1144 pro
555 1062 651 1123 libitu
675 1063 710 1122 id
737 1060 809 1121 fieri
837 1081 904 1122 non
926 1080 1018 1143 aegre

58 1152 216 1220 tulerintr
239 1151 285 1210 in
312 1149 394 1233 hoo,
427 1168 524 1230 quem
553 1149 620 1209 iam
647 1148 725 1209 inde
751 1167 769 1208 a
794 1150 932 1228 pueritie
954 1150 1020 1211 dies

60 1250 236 1317 noctesque
259 1235 435 1307 venerunt,
471 1253 632 1316 quemque
658 1236 745 1295 intus
772 1246 804 1294 er
828 1236 864 1295 in
893 1248 965 1295 cute
984 1254 1020 1315 se

58 1327 181 1384 novisse
203 1323 436 1402 epidaurum,
460 1335 506 1382 tot
525 1324 590 1382 iam
612 1322 731 1381 menda
753 1319 874 1400 detegi,
899 1334 945 1381 tot
964 1321 1020 1381 ab·

61 1412 157 1469 surda
179 1427 335 1487 sensuque
357 1427 444 1468 cassa
462 1410 625 1481 redargui,
639 1409 736 1489 quasi
755 1409 939 1468 convicium
958 1409 1021 1471 ribi

59 1496 183 1556 iactum
205 1494 507 1574 interpretabuntur.
542 1492 668 1555 Horum
692 1512 750 1573 ego
768 1502 806 1552 ut
827 1497 1022 1573 praeiudicio

61 1593 95 1641 et
129 1580 254 1644 ἐνθολκῗΐ
287 1598 504 1647 occurrerem
550 1580 619 1638 fuse
650 1580 801 1658 pleraque
834 1592 866 1639 et
898 1580 1023 1660 prolixe

61 1656 336 1749 praetermorem
358 1686 472 1725 meum
493 1667 529 1724 in
547 1665 801 1747 adnotationibus
821 1664 955 1727 deduxi:
985 1678 1023 1729 ut
1098 1700 1101 1713 =

63 1754 114 1812 vel
140 1753 342 1829 indignantes
370 1771 407 1809 ae
433 1751 629 1810 reluctantes
657 1769 735 1813 cum
760 1751 922 1812 rationum
943 1774 1024 1833 pon·

62 1839 142 1900 dere
174 1850 247 1897 tum
281 1838 506 1916 exemplorum
536 1854 674 1896 numero
707 1836 893 1907 obruerem,
925 1841 1024 1918 inque

62 1944 175 1987 meam
196 1925 327 1983 tandem
352 1925 544 1983 sententiam
567 1922 617 1980 vel
639 1922 764 1982 obtorto
785 1941 837 1981 eos
859 1922 942 1983 collo
962 1938 1039 2002 rra·⁴

63 2008 189 2074 iterem.
247 2009 319 2069 Hoc
354 2028 429 2083 rogo
463 2010 498 2067 in
532 2010 690 2068 memoria
721 2008 839 2069 hebeat
872 2011 1026 2073 eruditior

66 2095 183 2155 Lector
205 2098 236 2156 et'
258 2096 395 2166 acutior;
418 2095 571 2173 siquando
593 2095 690 2166 forta,
713 2114 787 2155 cum
811 2095 934 2156 duobus
958 2117 1025 2160 rer*-

66 2181 114 2241 bis
136 2203 206 2241 rem
224 2183 364 2259 pervinci
385 2182 525 2260 potuisse
546 2193 645 2258 putet,
671 2201 711 2242 ex
733 2182 828 2258 longo
846 2194 948 2242 tractu
969 2186 1025 2244 ad·

64 2269 241 2331 notationis
267 2267 430 2326 fastidium
453 2285 528 2324 eum
552 2269 680 2345 ceperit.
727 2265 801 2327 Non
823 2288 893 2327 raro
915 2282 1026 2334 tamen

66 2358 165 2413 etiam
190 2356 260 2412 data
283 2372 376 2432 opera
400 2353 525 2410 brevior
547 2354 799 2431 contractiorque
821 2355 884 2424 fui;
909 2360 1026 2434 partim

64 2442 173 2509 taedio
196 2452 232 2498 nt
252 2437 323 2498 fieri
344 2439 424 2498 solet
447 2438 560 2498 furtim
588 2438 779 2519 obrepente,
812 2443 928 2520 partim
951 2464 1027 2505 con-

65 2528 151 2586 sulto
173 2525 291 2583 viribus
311 2544 443 2604 parcens
465 2536 497 2583 et
519 2543 599 2602 quae
627 2528 662 2584 in
684 2539 814 2605 promtu
834 2528 915 2587 milri
937 2543 1028 2593 erant

67 2632 142 2690 opes
172 2612 386 2670 dissimulans:
419 2623 456 2669 ut
483 2629 526 2671 ne
553 2610 673 2689 ubique
699 2612 825 2671 iudiciis
852 2613 1028 2677 hominum

66 2699 216 2758 diffidere
237 2698 376 2767 viderer,
411 2709 510 2776 utque
531 2698 637 2756 stolidi
665 2711 697 2757 et
718 2698 757 2756 ad
780 2696 1029 2778 depugnandum

67 2785 170 2865 parati
200 2802 232 2842 se
259 2784 295 2842 in
321 2783 450 2861 laqueos
476 2785 678 2861 inopinantes
704 2783 892 2855 induerent,
928 2790 1029 2849 risum

67 2873 244 2948 iocumque
264 2869 476 2928 nasutiorihus
502 2869 616 2930 daturi.
668 2870 923 2950 Qualiacumque
952 2895 1029 2934 vero

69 2955 152 3017 haec
175 2968 265 3024 sunt,
290 2957 411 3014 aestivis
434 2966 559 3014 tantum
583 2957 750 3014 mensibus
781 2956 840 3035 (ita
863 2970 971 3021 tamen
994 2971 1031 3022 ut

69 3061 136 3103 uno
159 3040 323 3120 alteroque
345 3041 479 3100 biennio
500 3035 621 3101 fuerint
639 3062 762 3120 prorsus
782 3046 976 3125 intermissa)
1000 3061 1031 3108 et

71 3133 179 3207 primo
205 3130 331 3206 impetu
360 3146 396 3186 ac
419 3126 524 3185 calore
547 3128 615 3186 sine
645 3129 723 3189 lima
747 3133 865 3190 curisve
887 3135 1032 3197 secundia

73 3216 245 3294 descripta,
287 3216 331 3272 ric
360 3213 487 3273 madida
514 3213 582 3272 fere
612 3213 719 3274 charta
748 3219 797 3289 (ut
823 3223 949 3280 nemini
977 3224 1032 3282 hic

73 3320 223 3362 meorum
252 3319 319 3359 non
347 3301 635 3377 compertissimum
670 3312 729 3378 est)
757 3302 796 3361 ad
824 3308 1032 3388 typographos

74 3387 310 3447 deferebantur.
356 3384 468 3464 Neque
498 3387 588 3445 enim
616 3400 671 3446 aut
698 3388 824 3447 animur
853 3379 910 3450 aut
929 3397 1032 3454 otium

76 3487 139 3534 erat
159 3473 347 3534 calamistris
367 3472 424 3533 ille
445 3473 594 3549 inurere3
624 3492 686 3531 nec
713 3477 792 3532 tanti
821 3480 957 3537 emerim
985 3482 1033 3539 ie·

78 3560 188 3622 innam
211 3559 305 3622 illam
328 3559 481 3621 obscurae
502 3559 688 3639 diligentiae
705 3559 852 3622 laudem}
876 3579 913 3623 nc
933 3566 1038 3647 puds-
