2250 3990
298 171 500 216 canutum
533 174 606 217 m.
644 154 672 220 1.
776 180 779 185 “
921 167 965 233 93

57 270 211 311 'ermonem
221 252 336 307 Horatii
352 272 479 307 manum.
491 255 590 324 Longe
607 258 685 311 euim
701 258 764 313 veri
781 268 823 315 eet
831 260 956 319 similius

57 304 130 380 liano
148 322 240 403 putiut
258 322 406 392 inillam,
434 324 632 393 figuratiorem
651 326 791 381 nimirum
810 338 838 382 et
855 311 964 402 ποιητιῘ

57 390 129 461 :ique
145 408 178 443 m
200 390 379 459 faciliorem,
410 408 495 463 quam
520 394 583 444 vice
601 396 695 459 veria,
727 397 860 453 illumin
877 400 962 478 hanc,

57 462 178 515 triverint
195 459 332 512 Librarii.
365 461 409 513 Ite
427 461 529 513 Noster
549 461 646 520 Carm.
663 463 700 531 11,
723 482 747 519 ι.

68 530 178 583 Meesem
195 528 322 579 Dionaeo
339 529 390 581 suh
408 534 491 582 antio

92 596 214 667 ¹Quaere
232 597 324 648 modos
340 598 438 649 leuiore
455 598 567 667 plectro.

57 672 153 721 turum
172 666 227 733 ΙΙΙ,
247 678 288 734 25.

76 734 134 805 Quo
151 752 204 799 me,
220 733 336 799 Bacche,
355 736 428 803 rapis
445 735 487 787 tui

107 800 239 855 Plenum?
259 818 327 869 quae
345 820 463 867 nemora,
483 816 530 853 aut
548 820 615 873 quos
633 820 701 873 agor
718 805 750 858 in
765 820 864 880 specus,
891 817 896 863 ¹,

79 872 158 924 Peion
178 882 265 921 mente
282 871 374 921 nova?
395 871 489 940 quibus
892 868 897 882 '

73 950 76 955 '
109 938 216 1007 enisis,
237 940 341 1006 egregii
360 940 486 990 Caesaris
503 939 601 991 audiar
617 953 667 996 etc.

57 1010 104 1076 ΠΙ,
124 1016 150 1074 4'.
172 1006 377 1059 ubi-Camenas
396 1005 561 1125 alloquitur,

78 1080 129 1129 Vos
146 1076 291 1135 Caesarem
308 1077 400 1140 altum,
422 1078 458 1126 mi
471 1077 521 1126 itia
537 1077 620 1129 simul

75 1144 171 1199 Festos
187 1142 309 1194 cohortes
328 1145 443 1194 reddidit
462 1144 576 1212 oppidis,

60 1257 63 1261 .
107 1214 200 1265 linire
220 1225 388 1281 quaerentem
405 1213 510 1281 labores

154 1281 248 1331 Pierio
268 1280 393 1333 recreatis
410 1289 502 1334 antro.

57 1348 170 1423 spertius
188 1350 243 1416 III,
265 1358 310 1405 π’
336 1346 340 1351 ’

78 1414 240 1471 Callimachi
257 1434 356 1482 manes,
376 1429 401 1467 et
421 1416 472 1467 Coi
489 1416 572 1469 Sacra
595 1417 726 1485 Philetas,

75 1486 174 1551 Dicite,
191 1494 242 1555 quo
261 1487 364 1552 pariter
381 1502 488 1538 carmen
503 1489 634 1539 tenuastis
648 1490 677 1538 in
695 1496 787 1543 antro.

57 1555 99 1625 sgil
125 1554 232 1623 Georg.
252 1554 297 1621 lv,
317 1548 377 1623 50¹7.
396 1554 432 1604 de
450 1554 576 1622 Orpheo.
736 1614 739 1619 q

76 1625 176 1691 Septem
195 1622 274 1672 iilum
292 1635 360 1672 totos
378 1620 568 1688 perhibentes
586 1624 678 1674 ordine
696 1624 795 1681 mensis

74 1692 150 1761 Rupe
170 1690 218 1741 sub
238 1691 312 1740 adria
330 1689 427 1739 deserti
443 1690 478 1737 ad
497 1690 646 1756 Strymonis
662 1692 762 1743 undam

77 1760 205 1823 flevisse,
222 1770 248 1808 et
265 1756 364 1825 gelidis
380 1756 447 1808 haec
465 1758 594 1808 evoluisse
611 1760 662 1810 sub
681 1759 780 1812 antris.

57 1829 150 1883 otialis
166 1827 227 1895 ΧΠ,
249 1840 290 1879 11.
515 1864 518 1879 ‚

72 1898 155 1949 Cuius
173 1895 293 1963 Pimpleo
311 1892 492 1961 lyra'elarior
510 1895 566 1945 exit
584 1895 617 1944 ab
635 1894 741 1947 antro?
835 1930 838 1936 ·

108 1964 196 2033 Quem
210 1965 272 2031 plus
289 1962 380 2013 Pierio
398 1963 431 2012 de
448 1979 531 2033 grege
551 1962 675 2013 Phoebus
695 1961 790 2015 amat?

57 2035 109 2087 tius
124 2031 194 2085 silv.
215 2031 239 2098 l,
259 2045 284 2086 2.

76 2099 308 2168 Callimachusque
325 2116 412 2165 tenea,
435 2101 584 2170 Umbroque
604 2100 759 2169 Propertius
776 2107 869 2155 antro.

57 2188 88 2225 tn
104 2168 174 2225 Silv.
192 2169 240 2236 IV,
258 2185 284 2237 5.
303 2168 339 2219 ad
354 2167 524 2238 Septimium
541 2170 676 2222 Severum
693 2173 816 2240 poitam.

309 2237 355 2287 sed
375 2255 474 2287 memor
490 2240 598 2295 interim

57 2307 184 2370 Nostri,
203 2307 351 2355 uerecundo
371 2306 498 2355 latentem

74 2375 212 2428 Barbiton
230 2375 366 2437 ingemina
383 2376 434 2425 sub
454 2383 545 2425 antro.
742 2362 752 2399 '

75 2453 143 2496 nota
162 2451 191 2493 et
208 2440 336 2491 Barbiton
360 2449 388 2492 et
407 2453 511 2492 antrum
536 2442 623 2512 poni,
653 2441 738 2512 plane
762 2450 795 2493 ut
821 2442 898 2513 apud
914 2442 970 2497 No·

57 2530 108 2569 tm.
143 2511 224 2562 Idem
242 2509 309 2560 Silv.
331 2510 376 2575 lv,
398 2510 423 2561 fi.

226 2594 340 2643 namque
357 2576 431 2640 haee,
452 2579 555 2645 quoties
573 2574 670 2643 chelyn
688 2578 760 2626 exuit
777 2575 833 2643 ille,

77 2648 193 2699 Desidia
211 2657 268 2706 est,·
286 2643 330 2694 hic
350 2646 440 2695 Aeniis
460 2663 534 2695 amor
552 2658 646 2695 avocat
664 2644 763 2699 antris.

57 2717 131 2770 thid.
153 2717 185 2778 V,
207 2731 233 2781 5.

160 2784 200 2833 sic
217 2799 295 2831 saera
315 2780 422 2831 Numae
441 2782 559 2849 ritusque
578 2781 702 2832 colendos

77 2851 160 2903 Mitis
180 2851 287 2900 Aricino
306 2850 423 2917 dictabat
441 2848 572 2918 Nympha
587 2851 640 2918 suh
661 2857 754 2901 antro.

57 2929 120 2976 ntor
139 2918 241 2988 Copae,
305 2954 307 2963 t
895 2970 899 2977 ,

77 2991 131 3040 Est
147 3001 173 3037 et
191 2987 331 3037 Maenalio
350 3003 416 3054 quae
433 2986 521 3052 garrit
539 2983 614 3034 dulae
632 2985 683 3035 suh
704 2992 795 3040 antro.

115 3057 229 3106 Brattiaa
247 3057 364 3121 pastoris
381 3053 475 3107 fistula
492 3055 521 3102 in
539 3070 584 3102 ore
601 3070 707 3103 sonans.
833 3056 835 3061 '
855 3049 860 3055 ’

57 3170 61 3179 ,
71 3124 176 3193 fistula
192 3124 244 3175 sub
263 3132 354 3190 antro,
375 3131 406 3173 ut
422 3121 471 3172 hic
489 3120 621 3171 barbiton.
660 3120 787 3175 Iuvenal.
805 3120 869 3191 vn,
888 3133 930 3194 53.

215 3208 299 3259 neque
318 3192 388 3241 enim
406 3202 514 3240 cantare
534 3188 584 3241 suh
604 3197 687 3241 antro

80 3262 184 3325 Pierio,
202 3257 356 3325 thyrsumve
375 3271 460 3327 potest
477 3259 630 3324 contingere
649 3270 750 3309 maesta

80 3330 241 3397 Paupertas.

57 3398 141 3451 tilius
159 3396 191 3448 in
210 3394 363 3447 Itinererio
382 3397 440 3465 267.

78 3466 158 3522 Haec
175 3482 277 3532 quoque
296 3463 395 3515 Pieriis
412 3460 549 3531 spiracula
568 3474 706 3531 comparat
723 3458 814 3523 auttit
898 3462 900 3467 ¹

113 3533 240 3588 Carmine
256 3531 406 3588 Messallae
424 3530 582 3586 nobilitatus
599 3548 672 3600 ager.

618 656 636 683 S
