2250 3990
95 176 139 240 44
387 189 418 244 o.
455 176 612 231 nornen
648 164 778 235 uincor

92 273 188 329 simile
206 270 322 342 quidem
340 269 387 323 vel
405 270 574 341 secundum,
594 282 762 343 generatur:
788 282 885 327 umen
902 276 983 329 iuter
1001 294 1058 329 om·

92 341 220 395 nescius
244 340 351 392 liberos
375 337 512 390 maximos
533 340 653 392 honores
674 340 824 395 consecuta
847 353 890 395 est
912 346 1057 399 Minerva.

93 410 193 477 Vides,
228 410 345 478 opinor,
380 408 484 458 irustra'
506 406 555 457 hio
584 407 723 462 laborasse
747 409 934 481 interpretes:
965 430 1057 483 neque

92 479 170 531 enim
190 495 256 529 cum
275 479 384 528 Iunone
403 476 447 525 vei
467 484 567 543 patruo
584 494 634 527 suo
652 479 785 547 Neptuno
802 482 1056 549 comparaturum

22 602 29 615 ,
91 546 202 607 Pallas3
228 545 276 597 sed
300 561 366 595 cum
384 543 478 594 sobole
499 544 716 613 levissimum,
736 546 1057 611 ¹iratribussoreiribru·

24 626 29 635 ·
91 632 150 684 que
175 615 240 667 suis.
287 614 322 663 Et
346 612 467 680 proinde
493 629 577 664 nenio
601 613 633 664 in
660 616 842 683 sequentibus
861 614 1054 685 hnemoratur,

115 692 205 735 taeter
223 684 289 734 lova
308 681 435 750 genitos;
454 681 602 744 Bacchum,
620 682 754 746 Dianam,
772 684 934 749 Apollinem,
954 686 1057 743 Herna-

90 701 154 816 iem,
173 752 324 813 Pollucem,
346 757 374 799 et
392 749 545 799 Castorem:
573 759 696 817 quonam
712 751 842 803 omniurn
858 752 921 804 sine
942 764 1058 809 coutro-

90 820 184 872 versia
200 812 425 873 honoratissime*
438 826 499 868 erat
516 817 655 870 Minerva.
677 818 847 888 'Reliquum
865 830 922 887 eet,
946 831 981 874 ut
998 840 1056 895 quo

90 887 215 941 consilio
233 887 288 939 hoc
305 886 381 935 inter
402 885 479 935 lovis
496 883 594 937 laudes
614 888 696 954 poiito
723 884 833 955 posuit,
862 888 939 957 quod
964 892 1056 943 nemi·

90 973 158 1008 nem
178 974 207 1008 se
224 970 364 1007 minorem
382 953 574 1019 generaverit.
602 952 727 1005 breviter
744 954 912 1009 indicemus.
964 964 1054 1029 Atque

89 1025 123 1076 id
141 1024 256 1094 quidem
275 1021 390 1092 gemina
408 1019 442 1070 de
461 1036 543 1073 causa
560 1022 668 1073 sactum
686 1031 734 1075 est.
777 1024 841 1095 Ipse
868 1024 950 1079 enim
974 1036 1053 1081 ortus

89 1094 225 1157 Saturno,
256 1091 350 1143 maior
367 1104 416 1140 suo
436 1097 553 1159 parente
569 1099 645 1156 erat,
675 1108 820 1162 regnoque
838 1108 905 1145 eum
925 1092 1052 1165 expulit:

88 1178 175 1213 nemo
194 1168 291 1211 tamen
309 1174 342 1208 cx
359 1157 420 1226 ipso
437 1166 519 1208 rietus
537 1167 593 1225 est,
622 1158 671 1235 qui
688 1176 787 1228 parem
805 1161 833 1211 ei
850 1161 945 1214 ricem
964 1164 1052 1217 refer·

88 1236 147 1280 ret:
177 1228 255 1278 rende
278 1226 409 1288 Maximi,
435 1227 545 1289 inuicti,
570 1226 769 1297 similiumque
789 1228 941 1281 nominum
961 1232 1051 1285 tituiie

87 1295 250 1347 cumulatus
268 1302 316 1346 est.
354 1292 438 1347 ovid.
457 1293 575 1346 Metam.
595 1295 657 1364 XV,
686 1306 745 1364 855.
771 1298 822 1350 ubi
839 1296 915 1352 Iulio
935 1298 1051 1355 Caenei

86 1364 248 1435 Augustum
266 1361 432 1432 praeponit:
576 1416 579 1437 Ι
679 1418 683 1423 ,
840 1374 842 1379 “
907 1362 911 1371 ’
1018 1370 1021 1375 “

157 1434 201 1484 Sic
219 1432 312 1499 magni
329 1431 398 1480 cedit
415 1430 502 1503 titulis
519 1432 725 1495 Agamemnonis
742 1436 853 1485 Atreus:

155 1503 246 1567 Aegeo
262 1500 302 1550 sic
322 1498 450 1563 Theseus,
470 1500 509 1548 sio
527 1500 608 1569 Pelea
624 1503 709 1550 vincit
726 1500 862 1553 Achilles.-

154 1569 286 1637 Denique,
304 1581 334 1618 ut
350 1567 476 1634 exemplis
493 1569 565 1635 ipsos
582 1570 756 1638 aequantibus
774 1583 844 1636 utar,

155 1640 199 1689 Sic
217 1650 243 1687 et
260 1637 397 1689 Saturnus
413 1634 510 1687 minor
527 1650 566 1687 est
583 1640 659 1694 Iove.

82 1705 142 1760 Sed
158 1718 186 1759 et
203 1715 350 1776 praeterea
367 1712 428 1757 eret
444 1705 475 1755 in
493 1704 566 1771 fatis,
588 1714 619 1756 ut
637 1706 661 1756 si
681 1705 811 1777 Iuppiter
828 1721 895 1757 cum
912 1706 1043 1777 Thetide,

83 1775 167 1827 cuius
191 1791 290 1827 amore
315 1774 470 1842 flagrabat,
501 1774 713 1841 concubuisset,
742 1784 906 1827 nasceretur
929 1778 1044 1833 taudem

82 1844 147 1914 ipso
164 1844 231 1896 Iove
249 1841 356 1908 maior,
385 1842 491 1959 ‹puique
515 1842 550 1893 de
570 1842 648 1895 caelo
669 1859 736 1893 eum
753 1852 783 1895 et
800 1844 903 1895 mundi
920 1844 1044 1915 imperio

82 1912 228 1978 deiiceret,
249 1919 281 1962 ut
298 1912 358 1979 ipse
377 1928 392 1961 o
407 1911 447 1961 im
462 1911 624 1964 Saturnum.
661 1911 749 1981 Saepe
765 1911 821 1964 hoc
838 1911 900 1964 Iovi
918 1913 1045 1969 minatur

81 1978 269 2032 Prometheus
287 1977 362 2046 apud
382 1977 567 2044 Aeschylum:
1046 2004 1049 2013 ·

151 2049 182 2097 H
195 2042 252 2112 μὴν
269 2040 310 2096 ἐπὶ
329 2040 405 2109 Zaba,
424 2045 523 2108 καίπερ
542 2039 677 2113 aribatius
699 2045 817 2115 φρενῶν,

143 2106 243 2166 Ἔσται
260 2109 399 2195 ταπεινὸςΖ
419 2107 479 2163 οἷον
497 2109 658 2176 ἐξαρτύεται

148 2178 246 2245 Γάμον
263 2182 368 2246 γαμεῖν,
390 2176 421 2239 ὃς
442 2173 529 2236 αὐτὸν
547 2179 576 2234 ἐκ
595 2182 761 2248 τυραννίδος

151 2244 268 2314 Θρόνων
285 2243 308 2299 s’
327 2241 423 2299 ἄϊστον
442 2243 557 2317 ἐκβαλεῖ,
579 2247 684 2316 πατρὸς
705 2245 729 2302 δ’
750 2244 806 2319 ἄρα

148 2312 262 2384 Κρόνου
281 2308 339 2367 τότ’
358 2310 412 2383 ἤδη
430 2318 570 2376 παντελῶς
581 2315 790 2386 ’κρανθήσεται,

148 2387 194 2437 Ην
212 2380 349 2435 ἐκπιτνῶν
365 2377 454 2451 ἠρᾶτο
474 2383 598 2450 δηναιῶν
617 2381 739 2451 θρόνων.

78 2455 163 2576 guod
180 2471 247 2505 cum
264 2453 326 2504 Iovi
336 2452 520 2519 innotuisset,
539 2453 692 2521 Thetidem
709 2453 794 2507 Peleo
812 2464 935 2526 nuptum
953 2457 1039 2515 dedit.

108 2523 165 2577 vid.
185 2523 305 2577 Metam.
326 2524 358 2589 V,
379 2537 436 2574 ναι,
693 2573 696 2579 ,
958 2552 962 2561 -

147 2591 272 2657 Namque
290 2607 371 2640 senen
392 2588 500 2640 Thetidi
519 2590 639 2653 Proteus,
658 2592 726 2653 Dea,
748 2592 860 2655 dixerat,
880 2595 978 2659 undae,

148 2660 281 2725 Concipe:
300 2672 384 2709 muter
403 2660 456 2707 eris
474 2657 571 2722 iuueni,
593 2662 638 2725 qui
648 2659 770 2724 sortibus
789 2662 855 2709 actis

149 2728 216 2778 Acta
233 2729 319 2793 patris
337 2729 433 2788 uincet,
454 2729 589 2793 iunior-qne
608 2728 746 2777 venabitur
763 2726 822 2777 itta.

148 2798 233 2860 Ergo,
253 2813 285 2844 ne
320 2798 442 2863 uicquam
462 2796 574 2844 turandus
594 2797 661 2846 love
678 2796 769 2847 maius
786 2794 904 2855 haberet,
976 2796 980 2803 '

147 2863 279 2929 Quamvis
298 2813 371 2913 baud
390 2864 492 2928 tepidos
510 2863 559 2913 stab
575 2877 681 2930 peretum
701 2878 820 2913 senserat
838 2865 925 2929 ignes,

145 2932 268 2998 Iuppiter
287 2949 433 3000 aequoreae
454 2930 576 2980 Thetidis
595 2932 726 2982 connubia
743 2935 831 2982 vitam·

145 3001 231 3067 Inque
250 3017 299 3048 sua
319 3001 451 3049 Aeaciden
468 3001 605 3049 succedere
623 3013 685 3049 eota
702 3016 822 3067 nepotem

146 3069 240 3129 Ittssit,
259 3079 285 3116 et
304 3068 440 3134 amplexus
460 3068 488 3117 in
507 3069 623 3133 uirginis
640 3070 679 3117 ire
699 3070 827 3118 marinae.

76 3138 140 3192 Iam
178 3135 243 3186 lane
261 3143 377 3200 conant,
399 3136 455 3185 uisi
473 3137 590 3186 omnino
609 3135 703 3202 failor,
726 3138 761 3187 de
778 3133 901 3188 consilio
920 3134 1033 3207 pobtae3

76 3216 110 3258 ut
127 3155 204 3257 nihil
222 3201 338 3270 quidem
356 3220 373 3255 a
390 3204 456 3254 Iove
475 3213 641 3271 generatum
664 3205 754 3254 inerit
771 3204 833 3282 ipso
852 3203 959 3269 maius,¹
989 3202 1034 3254 rel

97 3288 191 3327 rursus
208 3269 302 3322 simile
320 3270 347 3321 ei
366 3284 415 3322 aut
431 3272 604 3324 secuudum:
639 3281 823 3339 occupaverit
848 3280 946 3322 tamen
969 3271 1034 3323 Pol·

75 3293 124 3395 hs
136 3337 279 3410 proximos
294 3336 341 3391 illi
359 3338 480 3390 honores
498 3357 567 3409 prae
586 3350 682 3391 cetera
700 3338 775 3391 iovis
795 3338 900 3390 sobole.

111 3427 153 3466 21,
180 3406 295 3457 Proeliis
312 3408 401 3457 audax
418 3424 500 3475 neque
519 3421 543 3458 te
560 3408 643 3457 silebo
662 3408 753 3475 Liber]
788 3408 851 3459 Iam
869 3407 937 3458 inde
948 3424 972 3459 a
988 3422 1035 3458 ve-

75 3489 146 3534 teris
170 3472 342 3529 scholiastae
366 3474 486 3554 heronis
509 3475 685 3554 temporibus
708 3492 793 3527 nemo
818 3484 871 3539 est,
902 3476 950 3543 qui
977 3492 1035 3553 non

75 3551 132 3605 hoo
149 3545 235 3600 modo
254 3558 367 3598 vanum
384 3551 603 3614 interpunxeru,
621 3553 767 3614 tamquam
786 3544 810 3597 si
828 3542 909 3593 Liber
925 3543 1036 3611 proetus
