2250 3990
320 150 322 155 ’
366 188 570 245 crismon
605 200 676 248 m.
710 181 770 247 ιιι.
989 192 1048 255 ru

60 282 141 345 ,erit
155 279 237 336 illud
253 283 353 351 saeris,
386 285 429 337 sic
454 284 550 355 potius
575 284 632 339 levi
651 283 810 338 mutatione
832 282 932 341 locum
949 289 1070 343 consti-⁶

49 371 51 377 ·
74 352 213 419 inerim.
236 366 240 371 ·
613 374 618 381 ·
705 386 709 393 ·
1029 374 1032 381 ·

49 473 53 482 ,
151 420 272 475 stodeat
290 420 373 473 certis
389 434 502 489 operata
517 422 620 485 secrist
1001 450 1005 457 ·
1028 445 1032 465 ·

65 488 139 543 ‘hoc
155 486 212 555 est,
238 490 365 559 ,prodeat
388 489 448 541 iem
474 491 557 543 Livia
574 492 610 543 ad
628 486 781 557 occursum
798 491 916 562 Augusti
942 509 976 547 ex
999 495 1051 547 Hi·

68 556 182 631 'rpeuie
200 558 233 609 in
248 559 355 609 urbem
372 567 550 625 revertentis,
570 576 642 629 qrroe
660 568 719 611 toto
737 560 880 613 absentiae
897 558 960 617 e'ius
975 570 1049 617 tem·

67 642 153 701 Ῥοῐο
168 628 253 678 costis
268 628 356 677 sacris
372 637 489 696 operate
506 626 555 694 es't,
576 636 604 678 et
621 630 720 695 pudico
736 642 799 679 vota
815 630 885 681 fecit
902 648 954 701 pro
971 631 1048 685 selvo

73 694 180 749 meriti
198 695 305 748 reditu.
343 696 407 746 Non
433 696 512 748 enim
534 697 646 775 prodent
669 710 800 764 operato,
824 705 858 749 ut
879 698 1049 752 scholiastes
1084 741 1087 761 ,

74 773 162 819 seme
178 763 289 833 eliique
309 780 460 833 perperam
478 764 707 834 occipiunts'est
723 767 837 832 prodeat
854 778 970 819 utronno
987 785 1048 835 ope-

77 846 171 885 retur:
209 832 319 903 quippe
342 849 377 884 eo
402 850 484 890 sensu
508 844 650 901 operaturo
673 833 831 885 dicendum
848 833 953 901 fuerit3
988 854 1049 891 non

76 914 202 971 operere,
223 892 301 969 ‹juo'd
319 909 431 1021 temtus
449 905 508 955 iem
526 902 713 972 praeteritum
731 902 850 956 indicet.
887 903 977 955 Castis
999 917 1049 956 esr-

76 978 140 1023 tem
155 971 263 1031 suerin·
291 971 359 1039 quio
401 970 490 1023 iriom
528 971 665 1024 udicitioe
682 970 777 1038 glorio
793 968 938 1025 celebrem
956 973 1051 1027 omnis

70 1036 207 1093 'blesie-
219 1037 318 1104 tradit,
333 1039 413 1115 unde
433 1039 482 1090 hie
501 990 538 1090 ie
555 1056 588 1090 eo
607 1040 718 1107 Noster,
822 1040 825 1045 “

78 1154 82 1161 .
152 1108 240 1157 Unico
258 1106 379 1173 gaudem
397 1108 495 1162 mulier
513 1110 619 1158 marito.

56 1174 205 1231 *Ovidius
224 1178 319 1227 Amor.
341 1176 391 1241 ΙΙΙ,
414 1189 453 1244 13.

77 1240 85 1255 ⁸
145 1244 232 1295 Gesta
249 1244 399 1295 sacerdotes
417 1246 518 1297 Iunoni
533 1245 605 1298 feste
623 1245 764 1313 parebant.

79 1310 187 1367 Statius
206 1311 380 1365 Achilleidos
399 1314 422 1377 1,
441 1330 499 1383 37⁰·
522 1312 558 1367 de
577 1313 779 1383 Virginibust'

134 1376 259 1432 'Dehinc
275 1384 376 1432 sociere
395 1381 498 1447 choros,
517 1382 657 1453 curtisque
672 1382 798 1433 accedere
815 1379 904 1435 sectis
983 1441 986 1449 ¹

148 1448 318 1511 Herennium
336 1452 481 1521 ceduntque
498 1451 595 1517 iocum,
614 1465 639 1502 et
659 1452 814 1517 contingere
834 1451 960 1517 gaudent.

53 1550 58 1555 -
80 1516 241 1589 Hypsipyle
259 1518 353 1570 Iasoni
370 1536 441 1571 vers.
462 1528 505 1590 73.
556 1550 560 1561 ·
767 1546 769 1551 ·

95 1590 103 1607 ¹
148 1586 226 1638 Adde
245 1596 460 1655 precescsstes,
480 1588 648 1654 immistaque
668 1595 733 1640 roto
750 1588 841 1639 timori
847 1605 859 1638 .·

182 1654 267 1705 Nunc
284 1673 385 1723 quoque
402 1669 428 1706 te
445 1657 523 1706 solvo
541 1656 718 1722 persolvendo
737 1654 814 1706 mihi.

80 1738 172 1793 preces
188 1731 218 1775 et
236 1736 300 1773 vota
317 1741 370 1793 pre
388 1725 496 1776 laconis
518 1724 628 1778 reditu:
660 1731 693 1775 ut
715 1722 815 1777 Liviae
840 1737 894 1791 pro
917 1717 1047 1789 Augusti.
1102 1726 1113 1750 ³·

79 1790 221 1849 Deianira
239 1792 361 1845 Herculi
380 1809 449 1845 vers.
469 1806 512 1861 35.
592 1800 595 1805 '
625 1798 628 1803 '
776 1807 780 1811 ’
923 1790 926 1797 ’

147 1862 216 1929 Ipso
235 1861 313 1911 domo
331 1862 424 1925 vidua,
442 1863 513 1913 votis
531 1868 648 1941 operate
664 1860 788 1930 pudicis,

188 1927 342 1996 Torqueor‚·
362 1929 459 1996 infesto
477 1947 510 1980 ne
526 1946 570 1979 vtr
589 1931 621 1979 oh
639 1930 714 1981 hoste
732 1928 821 1995 cadet.

114 2014 142 2069 7.
163 1997 201 2047 Et
218 2014 296 2048 soror
313 1998 383 2049 clari
399 1998 485 2067 ducis]
520 1998 562 2050 Er
579 2007 621 2051 est
640 1996 769 2051 Octavian
807 1996 862 2049 Sed
879 1996 1049 2049 veterrimus

79 2074 178 2121 noster
195 2064 387 2133 Grannum,
415 2068 478 2117 cori
493 2084 553 2119 non
570 2068 655 2119 cleri:
687 2076 727 2119 ut<
743 2066 778 2119 de
803 2066 906 2119 eodem
922 2070 1050 2135 ¹Augusto

81 2134 205 2191 Ovidius
223 2136 293 2186 Fert.
316 2134 362 2201 VI,
385 2135 444 2216 ⁶32·
727 2198 730 2203 .
905 2134 910 2147 ¹

153 2202 193 2253 Te
211 2220 313 2271 quoque
331 2203 488 2271 rnognfflce,
508 2205 668 2269 Concordim
687 2205 794 2255 dedicat
812 2205 878 2256 aede
920 2224 925 2233 ·

187 2270 277 2335 Livio,
297 2290 376 2339 quarn
393 2288 459 2324 cero
478 2276 612 2340 praestitit
628 2275 679 2328 illo
696 2274 769 2326 viro.

80 2344 191 2394 Verum
216 2349 294 2391 recte
312 2340 429 2410 quidem
447 2359 509 2391 caro
533 2343 605 2405 viro,
633 2342 673 2392 'ut
698 2343 803 2411 possim
827 2356 907 2390 conss
930 2340 1048 2406 genitor,

80 2420 148 2463 cora
166 2411 273 2471 nutrix,
292 2411 349 2458 cori
365 2422 489 2475 nepotes,
508 2418 537 2459 et
555 2420 651 2461 cetero
668 2410 895 2463 necessitudinum
912 2407 1050 2459 nomine:

79 2476 132 2532 ced
149 2494 230 2528 corus
247 2477 300 2526 door
317 2493 377 2528 non
393 2478 490 2529 minus
507 2479 604 2546 inepte
622 2477 781 2542 diceretur,
802 2493 888 2546 quem
908 2476 1002 2526 Germ.
1024 2476 1048 2540 1,

79 2562 124 2604 20.
164 2546 252 2596 Carus
269 2562 356 2612 eques.
391 2546 464 2597 Vide
482 2555 592 2611 autem,
613 2555 645 2596 ut
661 2546 772 2596 incerto
789 2555 817 2595 er
835 2558 920 2595 coeca
937 2543 1052 2594 fortune

78 2618 113 2668 in
132 2613 345 2685 exemplaribus
365 2612 542 2667 dominetclr:
573 2630 645 2666 unus
668 2614 711 2665 ibi
730 2611 816 2664 codex
835 2613 944 2681 Regiae
961 2612 1051 2663 socie·
1085 2619 1090 2625 “

78 2684 149 2737 tetis
175 2684 248 2734 clare
272 2700 350 2749 eques
378 2691 456 2733 recte
483 2682 583 2748 hahet,
620 2698 686 2733 cnm
713 2680 820 2733 caeteri
846 2697 945 2731 ornnes
972 2696 1051 2729 core:

81 2770 159 2807 unsre
176 2751 225 2802 hic
243 2751 420 2805 Greevienus
437 2766 589 2821 perperam
607 2753 665 2801 cori
683 2750 768 2817 ducis,
789 2765 857 2802 cum
874 2747 927 2801 elii
943 2748 1051 2817 ubique

80 2822 164 2875 clari.
200 2819 307 2871 Seneca
325 2818 428 2871 Trood.
450 2834 509 2887 255.
795 2836 808 2845 ·
829 2832 848 2849 ·“

154 2887 230 2955 Quid
248 2888 327 2939 coede
345 2889 406 2937 diro
423 2888 540 2939 nobilem
557 2884 632 2938 clari
650 2883 732 2937 ducis

153 2958 280 3023 Asp'e'rgis
299 2956 444 3007 umbram?

79 3034 112 3083 et
129 3024 232 3079 Oetes.
252 3028 310 3095 677.

156 3092 211 3145 Ubi
229 3094 347 3145 Romani
362 3095 405 3145 uis
424 3106 464 3144 est
481 3092 582 3161 popuii,

156 3162 251 3228 Fregit
269 3161 361 3214 cleros
381 3181 448 3231 ozeae
464 3178 544 3229 coepe
562 3155 668 3225 duces?

117 3244 163 3288 11.
183 3234 245 3281 Iam
262 3232 351 3280 virum
368 3232 500 3298 expertae]
541 3229 606 3279 Non
625 3231 770 3278 rmmento
787 3222 910 3277 miretur
929 3223 1055 3276 Torren-

80 3300 157 3367 tius,
187 3316 240 3350 cur
257 3298 345 3351 addat
360 3301 416 3350 iam
431 3301 520 3350 virum
540 3308 680 3362 expertae,¹
708 3309 775 3343 cum
800 3292 893 3363 potius
912 3300 1052 3362 parerat,

57 3378 118 3422 ·ut
147 3384 216 3420 cum
240 3367 340 3437 pueris
365 3370 493 3436 innuptae
520 3364 633 3436 puellae
664 3362 917 3431 coniungerentur.
972 3360 1054 3413 Unde

81 3439 175 3503 idem,
199 3436 275 3508 quod
292 3435 436 3488 rarissime
457 3437 542 3502 iecit,
572 3450 589 3486 a
607 3433 774 3485 coniectura
791 3446 876 3503 opem
893 3439 991 3502 petere
1008 3445 1057 3481 vo·

82 3506 152 3575 luit,
171 3516 200 3559 et
217 3507 258 3561 sic
276 3505 374 3559 locum
392 3506 549 3573 refingere:
704 3562 707 3567 ‚
895 3510 898 3517 '

329 3590 379 3627 vos
395 3591 410 3627 o
428 3589 535 3650 pueros
552 3582 578 3623 et
594 3569 702 3640 pudice
