2250 3990
77 150 142 227 '120
362 174 393 231 o.
429 170 590 217 usuam
625 166 766 217 sulcet·

246 268 289 337 Il.
343 288 395 337 tu
423 288 592 335 catsouu
620 280 882 335 sauuus'rmt.

99 374 139 415 a.
157 358 271 409 Abditas
291 360 369 410 terris
386 359 494 409 inimice
512 356 630 435 lamnae]
671 356 810 426 Magnam
828 372 858 409 se
879 354 954 426 fen}

79 428 182 485 stitisse
200 426 323 491 credidit
340 426 505 489 Lambinus,
525 422 601 493 quod
618 424 717 476 invitis
734 422 869 477 omnibus
882 420 954 489 lihr'u

81 492 315 562 abditoargento
342 494 392 548 hia
419 493 568 561 exhibent,
604 494 713 549 abditae
740 492 850 547 lornnas
873 508 905 547 te

79 563 159 619 lsunc
178 565 211 616 in
228 565 362 619 modum:
848 604 854 621 ι
950 594 954 603 ·

150 632 255 683 Nullus
272 646 384 701 argento
401 633 476 685 solor
490 641 537 695 es't,
558 631 650 683 auaris
736 682 742 689 ,

151 702 264 753 Abditas
282 694 484 769 terris⁸inimioc
502 701 610 751 lamnae
642 718 649 749 ·.

151 771 244 838 Crispe
263 771 384 835 Sallusti,
402 772 457 821 nisi
474 781 621 834 temperato

237 839 378 907 Splendeat
395 854 453 887 aaut.
650 838 656 849 ‘

84 906 200 977 Quippe,
219 906 332 976 inquit,
351 906 377 957 si
395 906 438 957 ita
454 904 558 961 loeutus
575 914 644 953 esset
659 900 808 971 Horatius,
826 896 954 959 ΝΛΜ

83 977 127 1028 lar
144 990 255 1043 argento
274 975 364 1025 abdito
381 972 462 1023 terris
488 974 526 1037 (et
543 971 654 1038 proinde
674 974 784 1024 minime
807 974 953 1095 3ρῖὼωῖ

82 1047 220 1112 splendeat
236 1060 286 1093 usu
304 1030 465 1109 temperato:
475 1057 564 1091 nonne
583 1052 651 1090 esset
667 1042 847 1109 ineptissima.
880 1056 953 1097 aaut.

52 1148 54 1153 -
83 1116 155 1164 enim
171 1112 260 1163 simile
277 1128 308 1161 ac
325 1111 409 1178 siquis
428 1111 469 1159 ita
487 1109 576 1171 dicat,
606 1106 705 1159 Nulla·
722 1122 765 1169 est¹
781 1102 953 1191 muliffldp

105 1183 175 1231 ratia
193 1194 219 1230 et
235 1191 375 1241 venustas7
393 1178 448 1227 nisi
457 1177 583 1243 formosa
599 1177 644 1226 sit,
680 1178 770 1229 Recta
787 1178 905 1249 quidem
919 1178 953 1235 itt

111 1249 260 1307 ambinust
281 1246 367 1299 modo
387 1245 435 1312 ita,
457 1252 489 1295 ut
506 1243 557 1295 ille
577 1246 708 1311 anamim,
728 1246 865 1299 Horatius
880 1256 945 1301 aaut

81 1323 137 1368 aas.
163 1315 217 1369 Sed
235 1314 342 1366 fefollit
358 1314 444 1384 plane
462 1311 636 1364 Lambinum
653 1313 714 1383 ipsa
731 1314 887 1367 verborum
903 1330 953 1369 cau

82 1383 132 1435 tio.
169 1385 312 1437 Ponamus
335 1382 420 1434 enim.
437 1380 608 1434 &cuonem
630 1378 661 1433 iu
686 1382 822 1435 omnibus
839 1382 953 1439 Msuse

81 1450 136 1505 ltus
153 1460 308 1521 receptam,
329 1448 543 1503 distinctionem
559 1449 757 1504 tantummodo
774 1467 899 1517 norme

152 1520 257 1571 Nullus
274 1532 386 1588 argenta
404 1520 479 1570 color
495 1531 535 1569 est
553 1519 646 1570 avaris

152 1589 250 1640 Abdita
267 1592 365 1650 terris;
382 1589 490 1639 inimice
510 1587 617 1636 lamnae

155 1658 250 1726 Crispe
268 1658 389 1722 Sallusti,
409 1657 465 1707 nisi
483 1666 628 1723 temperato

238 1726 384 1794 Splendeat
401 1744 460 1777 usu.

83 1794 149 1849 lam
166 1794 238 1847 haec
257 1796 342 1848 verba
361 1810 418 1847 noa
437 1802 544 1861 nogant
566 1791 693 1846 colorem
718 1810 777 1848 essa
805 1806 952 1865 argentos

81 1865 141 1917 nisi
159 1878 299 1932 argentum
315 1862 392 1914 illud
408 1862 573 1932 splendenti
602 1862 651 1914 sed
668 1861 838 1915 Sallustium
857 1878 952 1917 marat

34 1958 37 1963 ·
81 1936 193 1984 micum
211 1948 269 1983 esse
289 1932 411 1995 lamnae,
432 1929 490 1981 nisi
508 1931 602 1979 lamna
618 1928 670 1980 illa
688 1931 844 2001 splendeat
881 1932 936 1986 Uhi

82 2002 210 2063 obsecro,
231 1998 365 2049 Lambini
384 1997 527 2050 nnuman?
560 1996 595 2047 Et
612 2006 708 2050 tamam
727 2000 825 2052 cinnes
842 2000 906 2053 lere
924 2016 952 2071 pt

81 2084 147 2120 sum
165 2066 312 2118 Editiones
330 2065 438 2119 scabies
456 2063 509 2114 illa
526 2080 597 2115 occu
619 2067 685 2118 avit.
721 2068 806 2121 Clara
822 2068 883 2123 iam
908 2066 952 2121 sati

82 2134 197 2253 opinor,
216 2132 356 2185 sententia
375 2141 422 2185 est
452 2132 555 2182 Nullus
572 2083 654 2199 color,
672 2136 754 2189 nulla
771 2139 871 2205 gratia,
894 2136 952 2189 nihi

83 2219 100 2253 c
122 2202 149 2252 ri
170 2210 211 2253 est
228 2214 339 2269 argento
358 2201 449 2251 abdito
473 2202 569 2264 terris,
601 2202 659 2254 sire
683 2204 714 2255 in
741 2215 832 2257 terras
859 2206 950 2259 dotou

84 2270 179 2323 araris
199 2286 259 2322 mos
276 2278 317 2321 est
335 2270 481 2321 thesauros
499 2284 563 2322 auos
581 2272 712 2341 sepelire.
748 2274 852 2325 Noster
868 2276 951 2327 Serus

157 2338 231 2406 Quid
249 2339 328 2390 iurat
345 2340 501 2389 immensum
521 2350 546 2389 te
564 2343 669 2407 argenti
685 2343 789 2410 pondus
806 2355 831 2392 et
852 2347 916 2395 auri

153 2406 261 2458 Furtim
278 2407 388 2459 defossa
405 2407 528 2457 timidum
546 2408 673 2477 deponere
693 2411 791 2463 tertul

156 2474 236 2542 Quod
253 2478 278 2526 si
295 2476 468 2538 comminuas,
486 2475 567 2526 vilem
585 2479 723 2544 redigatur
742 2478 777 2527 ad
794 2496 901 2531 assem.-

155 2543 189 2593 At
206 2546 234 2619 'll
252 2546 280 2595 id
291 2544 340 2611 fit,
359 2545 423 2612 quid
442 2542 522 2593 halet
539 2545 646 2612 pulchri
663 2558 829 2597 constructus
848 2566 951 2599 acernea

86 2613 150 2664 Hoc
167 2626 268 2663 verum
286 2629 344 2664 essa
360 2621 407 2678 tu,
434 2611 543 2681 inquit,
563 2615 693 2681 agnoscis
731 2614 830 2684 Crispe
849 2616 951 2671 Sallust

86 2679 164 2733 nihil
182 2681 252 2732 iacis
270 2681 403 2743 lamnam,
422 2679 478 2732 nisi
493 2681 528 2731 in
545 2692 683 2750 quantum
700 2655 834 2735 humanis
852 2686 947 2737 usilrus

88 2747 158 2801 siat.
202 2748 318 2801 Lamus·
332 2757 374 2801 est
392 2749 487 2819 ipsum
503 2760 668 2818 argeutum,
700 2750 747 2803 vel
770 2767 885 2805 aarum.
934 2754 951 2809 ί

86 2817 161 2869 Fast.
181 2816 204 2882 I,
227 2827 285 2880 203.

155 2885 224 2935 Iura
241 2886 322 2936 dabat
339 2885 444 2953 populis
460 2886 545 3004 posito
564 2887 640 2937 modo
660 2888 761 2939 Consul
779 2902 881 2956 aratro,

190 2954 227 3003 Et
245 2954 312 3005 levis
329 2954 442 3023 argenti
473 2954 568 3005 amina
587 2957 687 3006 crimen
705 2970 770 3009 erat.

87 3020 194 3075 Stneoa
211 3020 246 3071 ds
263 3021 361 3074 Benaf.
383 3023 442 3089 VII,
464 3036 508 3079 10.
546 3021 629 3072 Nunc
646 3025 707 3075 valo
734 3038 796 3075 tuas
822 3043 885 3093 opes
911 3044 950 3079 rer

23 3094 35 3111 '
88 3108 164 3209 cepe,
189 3088 310 3143 laminas
330 3091 478 3160 utriusqus
494 3090 647 3161 materias,
667 3094 702 3142 ad
721 3111 788 3162 quas
807 3096 945 3161 cupiditas

88 3162 145 3211 cai
166 3171 202 3209 at.

122 3178 165 3298 με
175 3226 261 3277 illum
285 3238 347 3291 aget
368 3243 457 3294 penna
483 3240 614 3279 metuente
641 3228 722 3295 solvi]
762 3230 916 3283 veterrimi
945 3254 950 3283 r

87 3293 235 3348 Torrentii
255 3294 382 3359 codices,
408 3303 486 3347 utet
505 3313 539 3347 ex
555 3295 658 3349 nostris
676 3297 835 3366 Leidensis,
861 3302 950 3351 Graes

85 3362 262 3432 Reginamis,
284 3378 351 3415 cum
367 3363 565 3432 Porphyrione
583 3363 740 3423 Scholiasta
758 3368 871 3435 legunt,
893 3372 950 3436 agit

85 3433 211 3485 tinemut
227 3434 325 3483 tamen
343 3442 407 3499 aget
426 3448 493 3483 curn
512 3434 728 3487 recentioribus.
766 3436 840 3486 Cum
862 3437 942 3489 enim

83 3500 110 3554 si
126 3509 204 3553 ncta
221 3500 347 3553 sationes
364 3499 515 3570 ponimus,
535 3503 612 3555 circa
631 3520 738 3555 annum
756 3504 868 3554 Horatii
887 3506 945 3555 XL.

1 3611 6 3689 ἱ
83 3578 165 3641 gusto
180 3568 308 3625 Vincat
317 3568 415 3623 Tauro
433 3569 469 3624 11.
488 3570 576 3642 coss,
594 3572 783 3643 scriptorius,
802 3573 949 3626 Proculsit
