<?xml version="1.0" encoding="UTF-8"?>
<!DOCTYPE html PUBLIC "-//W3C//DTD XHTML 1.0 Transitional//EN"
    "http://www.w3.org/TR/xhtml1/DTD/xhtml1-transitional.dtd">
<html xmlns="http://www.w3.org/1999/xhtml" xml:lang="en" lang="en">
 <head>
  <title>
</title>
<meta http-equiv="Content-Type" content="text/html;charset=utf-8" />
  <meta name='ocr-system' content='tesseract 3.04.00' />
  <meta name='ocr-capabilities' content='ocr_page ocr_carea ocr_par ocr_line ocrx_word'/>
</head>
<body>
  <div class='ocr_page' id='page_1' title='image "./richardibentlei00bentgoog_0785.png"; bbox 0 0 2250 3990; ppageno 0'>
   <div class='ocr_carea' id='block_1_1' title="bbox 344 136 1047 204">
    <p class='ocr_par' dir='ltr' id='par_1_1' title="bbox 344 136 1047 204">
     <span class='ocr_line' id='line_1_1' title="bbox 344 136 1047 204; baseline 0.004 -15"><span class='ocrx_word' id='word_1_1' title='bbox 344 198 347 203; x_wconf 49' lang='grc'><strong>,</strong></span> <span class='ocrx_word' id='word_1_2' title='bbox 425 144 491 189; x_wconf 78' lang='lat' dir='ltr'><em>stre</em></span> <span class='ocrx_word' id='word_1_3' title='bbox 520 147 690 193; x_wconf 67' lang='lat' dir='ltr'><em>eomer·</em></span> <span class='ocrx_word' id='word_1_4' title='bbox 982 136 1047 204; x_wconf 79' lang='grc'><em>759</em></span> 
     </span>
    </p>
   </div>
   <div class='ocr_carea' id='block_1_2' title="bbox 10 204 1098 3104">
    <p class='ocr_par' dir='ltr' id='par_1_2' title="bbox 70 204 1043 376">
     <span class='ocr_line' id='line_1_2' title="bbox 71 204 1043 301; baseline 0.008 -20"><span class='ocrx_word' id='word_1_5' title='bbox 71 222 258 295; x_wconf 75' lang='lat' dir='ltr'><em>obscurarit,</em></span> <span class='ocrx_word' id='word_1_6' title='bbox 277 242 365 296; x_wconf 78' lang='lat' dir='ltr'><em>quem</em></span> <span class='ocrx_word' id='word_1_7' title='bbox 381 226 472 297; x_wconf 85' lang='lat' dir='ltr'><em>ponit,</em></span> <span class='ocrx_word' id='word_1_8' title='bbox 491 227 635 299; x_wconf 86' lang='lat' dir='ltr'><em>oppositio</em></span> <span class='ocrx_word' id='word_1_9' title='bbox 652 230 731 283; x_wconf 90' lang='lat' dir='ltr'><em>inter</em></span> <span class='ocrx_word' id='word_1_10' title='bbox 749 204 870 285; x_wconf 65' lang='lat' dir='ltr'><em>Pulilire</em></span> <span class='ocrx_word' id='word_1_11' title='bbox 886 241 916 286; x_wconf 86' lang='lat' dir='ltr'><em>et</em></span> <span class='ocrx_word' id='word_1_12' title='bbox 931 234 1043 301; x_wconf 71' lang='lat' dir='ltr'><em>Dulcia.</em></span> 
     </span>
     <span class='ocr_line' id='line_1_3' title="bbox 70 294 1042 376; baseline 0.011 -29"><span class='ocrx_word' id='word_1_13' title='bbox 70 294 333 347; x_wconf 85' lang='lat' dir='ltr'><em>Pulchrum-enirn</em></span> <span class='ocrx_word' id='word_1_14' title='bbox 359 312 551 367; x_wconf 79' lang='lat' dir='ltr'><em>quercumque</em></span> <span class='ocrx_word' id='word_1_15' title='bbox 571 299 708 351; x_wconf 76' lang='lat' dir='ltr'><strong>carminis</strong></span> <span class='ocrx_word' id='word_1_16' title='bbox 726 299 860 370; x_wconf 84' lang='lat' dir='ltr'><em>virtutes,</em></span> <span class='ocrx_word' id='word_1_17' title='bbox 891 304 978 357; x_wconf 83' lang='lat' dir='ltr'><em>etiam</em></span> <span class='ocrx_word' id='word_1_18' title='bbox 998 307 1042 376; x_wconf 88' lang='lat' dir='ltr'><em>ip·</em></span> 
     </span>
    </p>

    <p class='ocr_par' dir='ltr' id='par_1_3' title="bbox 36 362 1041 502">
     <span class='ocr_line' id='line_1_4' title="bbox 36 362 1041 429; baseline 0.012 -12"><span class='ocrx_word' id='word_1_19' title='bbox 36 380 41 389; x_wconf 91' lang='lat'><em>·</em></span> <span class='ocrx_word' id='word_1_20' title='bbox 69 374 134 417; x_wconf 69' lang='lat' dir='ltr'><em>um</em></span> <span class='ocrx_word' id='word_1_21' title='bbox 165 362 352 418; x_wconf 83' lang='lat' dir='ltr'><em>dulcedinem</em></span> <span class='ocrx_word' id='word_1_22' title='bbox 375 365 408 417; x_wconf 88' lang='lat' dir='ltr'><em>in</em></span> <span class='ocrx_word' id='word_1_23' title='bbox 433 383 463 419; x_wconf 84' lang='lat' dir='ltr'><em>se</em></span> <span class='ocrx_word' id='word_1_24' title='bbox 489 367 637 421; x_wconf 85' lang='lat' dir='ltr'><em>continere</em></span> <span class='ocrx_word' id='word_1_25' title='bbox 664 369 729 420; x_wconf 90' lang='lat' dir='ltr'><em>iure</em></span> <span class='ocrx_word' id='word_1_26' title='bbox 754 369 893 426; x_wconf 74' lang='lat' dir='ltr'><em>videntur.</em></span> <span class='ocrx_word' id='word_1_27' title='bbox 937 374 1041 429; x_wconf 76' lang='lat' dir='ltr'><em>Noster</em></span> 
     </span>
     <span class='ocr_line' id='line_1_5' title="bbox 68 430 565 502; baseline 0.01 -17"><span class='ocrx_word' id='word_1_28' title='bbox 68 430 166 485; x_wconf 76' lang='lat' dir='ltr'><em>Serui.</em></span> <span class='ocrx_word' id='word_1_29' title='bbox 185 433 269 499; x_wconf 76' lang='grc' dir='ltr'><strong>1,,ιο.</strong></span> <span class='ocrx_word' id='word_1_30' title='bbox 288 452 315 487; x_wconf 81' lang='lat' dir='ltr'><em>c.</em></span> <span class='ocrx_word' id='word_1_31' title='bbox 333 450 359 502; x_wconf 76' lang='lat'><em>5.</em></span> <span class='ocrx_word' id='word_1_32' title='bbox 382 435 417 486; x_wconf 87' lang='lat' dir='ltr'><em>de</em></span> <span class='ocrx_word' id='word_1_33' title='bbox 436 435 565 490; x_wconf 86' lang='lat' dir='ltr'><em>Lucilio:</em></span> 
     </span>
    </p>

    <p class='ocr_par' dir='ltr' id='par_1_4' title="bbox 141 487 1038 573">
     <span class='ocr_line' id='line_1_6' title="bbox 141 487 1038 573; baseline 0.014 -22"><span class='ocrx_word' id='word_1_34' title='bbox 141 500 205 552; x_wconf 85' lang='lat' dir='ltr'><em>Nec</em></span> <span class='ocrx_word' id='word_1_35' title='bbox 223 514 311 553; x_wconf 81' lang='lat' dir='ltr'><em>tamen</em></span> <span class='ocrx_word' id='word_1_36' title='bbox 328 487 379 553; x_wconf 76' lang='lat' dir='ltr'><em>hoc</em></span> <span class='ocrx_word' id='word_1_37' title='bbox 396 502 515 555; x_wconf 80' lang='lat' dir='ltr'><em>tribuens</em></span> <span class='ocrx_word' id='word_1_38' title='bbox 530 504 651 557; x_wconf 76' lang='lat' dir='ltr'><em>dederim</em></span> <span class='ocrx_word' id='word_1_39' title='bbox 667 521 770 573; x_wconf 74' lang='lat' dir='ltr'><em>quoque</em></span> <span class='ocrx_word' id='word_1_40' title='bbox 789 512 898 561; x_wconf 83' lang='lat' dir='ltr'><em>celera:</em></span> <span class='ocrx_word' id='word_1_41' title='bbox 917 524 982 562; x_wconf 81' lang='lat' dir='ltr'><em>nam</em></span> <span class='ocrx_word' id='word_1_42' title='bbox 997 510 1038 563; x_wconf 81' lang='lat' dir='ltr'><em>sie</em></span> 
     </span>
    </p>

    <p class='ocr_par' dir='ltr' id='par_1_5' title="bbox 59 568 1072 783">
     <span class='ocr_line' id='line_1_7' title="bbox 141 568 1072 643; baseline 0.009 -22"><span class='ocrx_word' id='word_1_43' title='bbox 141 570 182 621; x_wconf 81' lang='lat' dir='ltr'><em>Et</em></span> <span class='ocrx_word' id='word_1_44' title='bbox 200 568 299 621; x_wconf 78' lang='lat' dir='ltr'><em>Laberi</em></span> <span class='ocrx_word' id='word_1_45' title='bbox 316 573 418 637; x_wconf 79' lang='lat' dir='ltr'><em>mimos,</em></span> <span class='ocrx_word' id='word_1_46' title='bbox 437 586 466 623; x_wconf 79' lang='lat' dir='ltr'><em>rt</em></span> <span class='ocrx_word' id='word_1_47' title='bbox 485 573 606 642; x_wconf 84' lang='lat' dir='ltr'><em>pulchre</em></span> <span class='ocrx_word' id='word_1_48' title='bbox 627 578 758 643; x_wconf 84' lang='lat' dir='ltr'><em>po&#39;e‘mata</em></span> <span class='ocrx_word' id='word_1_49' title='bbox 775 578 864 624; x_wconf 80' lang='lat' dir='ltr'><em>mirer.</em></span> <span class='ocrx_word' id='word_1_50' title='bbox 1069 624 1072 629; x_wconf 93' lang='lat'>.</span> 
     </span>
     <span class='ocr_line' id='line_1_8' title="bbox 66 636 1035 711; baseline 0.006 -18"><span class='ocrx_word' id='word_1_51' title='bbox 66 636 128 693; x_wconf 81' lang='lat' dir='ltr'><em>Ubi</em></span> <span class='ocrx_word' id='word_1_52' title='bbox 150 638 373 711; x_wconf 60' lang='lat' dir='ltr'><em>videntissimus,</em></span> <span class='ocrx_word' id='word_1_53' title='bbox 392 649 420 691; x_wconf 88' lang='lat' dir='ltr'><em>et</em></span> <span class='ocrx_word' id='word_1_54' title='bbox 439 641 565 694; x_wconf 81' lang='lat' dir='ltr'><em>facetum</em></span> <span class='ocrx_word' id='word_1_55' title='bbox 583 642 658 711; x_wconf 87' lang='lat' dir='ltr'><em>quod</em></span> <span class='ocrx_word' id='word_1_56' title='bbox 676 642 791 696; x_wconf 86' lang='lat' dir='ltr'><em>Lucilio</em></span> <span class='ocrx_word' id='word_1_57' title='bbox 808 640 925 711; x_wconf 83' lang='lat' dir='ltr'><em>tribuit,</em></span> <span class='ocrx_word' id='word_1_58' title='bbox 946 652 976 698; x_wconf 80' lang='lat' dir='ltr'><em>et</em></span> <span class='ocrx_word' id='word_1_59' title='bbox 993 661 1035 698; x_wconf 78' lang='lat' dir='ltr'><em>ce·</em></span> 
     </span>
     <span class='ocr_line' id='line_1_9' title="bbox 59 705 923 783; baseline 0.012 -24"><span class='ocrx_word' id='word_1_60' title='bbox 59 720 131 760; x_wconf 74' lang='lat' dir='ltr'><em>sera</em></span> <span class='ocrx_word' id='word_1_61' title='bbox 149 705 248 760; x_wconf 83' lang='lat' dir='ltr'><em>omnia</em></span> <span class='ocrx_word' id='word_1_62' title='bbox 263 708 517 778; x_wconf 86' lang='lat' dir='ltr'><em>comprehendere.</em></span> <span class='ocrx_word' id='word_1_63' title='bbox 552 711 639 783; x_wconf 81' lang='lat' dir='ltr'><strong>Epist.</strong></span> <span class='ocrx_word' id='word_1_64' title='bbox 658 712 697 779; x_wconf 87' lang='lat' dir='ltr'><em>Il,</em></span> <span class='ocrx_word' id='word_1_65' title='bbox 719 728 742 764; x_wconf 87' lang='lat'><em>1.</em></span> <span class='ocrx_word' id='word_1_66' title='bbox 759 731 787 767; x_wconf 75' lang='lat' dir='ltr'><em>r.</em></span> <span class='ocrx_word' id='word_1_67' title='bbox 804 723 848 780; x_wconf 78' lang='lat'><em>72·</em></span> <span class='ocrx_word' id='word_1_68' title='bbox 919 770 923 779; x_wconf 70' lang='grc'><strong>,</strong></span> 
     </span>
    </p>

    <p class='ocr_par' dir='ltr' id='par_1_6' title="bbox 374 778 691 844">
     <span class='ocr_line' id='line_1_10' title="bbox 374 778 691 844; baseline 0.013 -17"><span class='ocrx_word' id='word_1_69' title='bbox 374 778 421 828; x_wconf 82' lang='lat' dir='ltr'><em>sed</em></span> <span class='ocrx_word' id='word_1_70' title='bbox 439 780 579 830; x_wconf 85' lang='lat' dir='ltr'><em>emendata</em></span> <span class='ocrx_word' id='word_1_71' title='bbox 595 781 691 844; x_wconf 83' lang='lat' dir='ltr'><em>uideri,</em></span> 
     </span>
    </p>

    <p class='ocr_par' dir='ltr' id='par_1_7' title="bbox 61 842 1082 1122">
     <span class='ocr_line' id='line_1_11' title="bbox 139 842 908 915; baseline 0.003 -18"><span class='ocrx_word' id='word_1_72' title='bbox 139 842 332 913; x_wconf 83' lang='lat' dir='ltr'><em>Pulchreque,</em></span> <span class='ocrx_word' id='word_1_73' title='bbox 353 858 378 896; x_wconf 82' lang='lat' dir='ltr'><em>et</em></span> <span class='ocrx_word' id='word_1_74' title='bbox 396 849 496 915; x_wconf 79' lang='lat' dir='ltr'><em>exactis</em></span> <span class='ocrx_word' id='word_1_75' title='bbox 513 850 651 899; x_wconf 87' lang='lat' dir='ltr'><em>minimum</em></span> <span class='ocrx_word' id='word_1_76' title='bbox 669 848 799 899; x_wconf 79' lang='lat' dir='ltr'><em>distantia</em></span> <span class='ocrx_word' id='word_1_77' title='bbox 816 846 908 899; x_wconf 86' lang='lat' dir='ltr'><em>miror.</em></span> 
     </span>
     <span class='ocr_line' id='line_1_12' title="bbox 61 903 1032 986; baseline 0.003 -21"><span class='ocrx_word' id='word_1_78' title='bbox 61 912 208 982; x_wconf 72' lang='lat' dir='ltr'><em>Plerique</em></span> <span class='ocrx_word' id='word_1_79' title='bbox 222 911 336 980; x_wconf 82' lang='lat' dir='ltr'><em>pulchro</em></span> <span class='ocrx_word' id='word_1_80' title='bbox 356 914 396 967; x_wconf 83' lang='lat' dir='ltr'><em>ita</em></span> <span class='ocrx_word' id='word_1_81' title='bbox 410 903 543 967; x_wconf 75' lang='lat' dir='ltr'><em>&#39;dulcibus</em></span> <span class='ocrx_word' id='word_1_82' title='bbox 567 925 730 986; x_wconf 87' lang='lat' dir='ltr'><em>opponunt,</em></span> <span class='ocrx_word' id='word_1_83' title='bbox 765 925 797 967; x_wconf 89' lang='lat' dir='ltr'><em>ut</em></span> <span class='ocrx_word' id='word_1_84' title='bbox 814 914 867 967; x_wconf 83' lang='lat' dir='ltr'><em>illa</em></span> <span class='ocrx_word' id='word_1_85' title='bbox 889 913 1032 985; x_wconf 79' lang='lat' dir='ltr'><em>sint‘elta,</em></span> 
     </span>
     <span class='ocr_line' id='line_1_13' title="bbox 64 980 1032 1053; baseline 0.002 -20"><span class='ocrx_word' id='word_1_86' title='bbox 64 980 163 1049; x_wconf 79' lang='lat' dir='ltr'><em>elata,</em></span> <span class='ocrx_word' id='word_1_87' title='bbox 186 980 344 1051; x_wconf 79' lang='lat' dir='ltr'><em>splendidis</em></span> <span class='ocrx_word' id='word_1_88' title='bbox 363 991 392 1034; x_wconf 89' lang='lat' dir='ltr'><em>et</em></span> <span class='ocrx_word' id='word_1_89' title='bbox 408 984 568 1053; x_wconf 70' lang='lat' dir='ltr'><em>magnificis</em></span> <span class='ocrx_word' id='word_1_90' title='bbox 585 989 679 1037; x_wconf 76' lang='lat' dir='ltr'><em>verbis</em></span> <span class='ocrx_word' id='word_1_91' title='bbox 698 982 844 1037; x_wconf 77' lang='lat' dir='ltr'><em>micantia.</em></span> <span class='ocrx_word' id='word_1_92' title='bbox 881 983 957 1051; x_wconf 84' lang='lat' dir='ltr'><em>Quid</em></span> <span class='ocrx_word' id='word_1_93' title='bbox 981 1000 1032 1037; x_wconf 82' lang='lat' dir='ltr'><em>au-</em></span> 
     </span>
     <span class='ocr_line' id='line_1_14' title="bbox 62 1050 1082 1122; baseline 0.002 -19"><span class='ocrx_word' id='word_1_94' title='bbox 62 1050 153 1103; x_wconf 71' lang='lat' dir='ltr'><em>tem?</em></span> <span class='ocrx_word' id='word_1_95' title='bbox 181 1066 277 1103; x_wconf 74' lang='lat' dir='ltr'><em>moon</em></span> <span class='ocrx_word' id='word_1_96' title='bbox 302 1059 331 1101; x_wconf 84' lang='lat' dir='ltr'><em>et</em></span> <span class='ocrx_word' id='word_1_97' title='bbox 356 1051 443 1104; x_wconf 84' lang='lat' dir='ltr'><em>exiles</em></span> <span class='ocrx_word' id='word_1_98' title='bbox 466 1054 547 1122; x_wconf 81' lang='lat' dir='ltr'><em>Elegi</em></span> <span class='ocrx_word' id='word_1_99' title='bbox 574 1054 605 1105; x_wconf 88' lang='lat' dir='ltr'><em>in</em></span> <span class='ocrx_word' id='word_1_100' title='bbox 630 1071 680 1106; x_wconf 86' lang='lat' dir='ltr'><em>euo</em></span> <span class='ocrx_word' id='word_1_101' title='bbox 703 1069 809 1121; x_wconf 81' lang='lat' dir='ltr'>genere</span> <span class='ocrx_word' id='word_1_102' title='bbox 832 1050 951 1121; x_wconf 80' lang='lat' dir='ltr'><strong>pulchri</strong></span> <span class='ocrx_word' id='word_1_103' title='bbox 974 1067 1031 1105; x_wconf 77' lang='lat' dir='ltr'><em>esse</em></span> <span class='ocrx_word' id='word_1_104' title='bbox 1079 1092 1082 1096; x_wconf 89' lang='lat'>-</span> 
     </span>
    </p>

    <p class='ocr_par' dir='ltr' id='par_1_8' title="bbox 29 1118 1031 1189">
     <span class='ocr_line' id='line_1_15' title="bbox 29 1118 1031 1189; baseline 0.004 -20"><span class='ocrx_word' id='word_1_105' title='bbox 29 1164 32 1169; x_wconf 93' lang='lat'>.</span> <span class='ocrx_word' id='word_1_106' title='bbox 87 1118 228 1173; x_wconf 72' lang='lat' dir='ltr'><em>oterunti</em></span> <span class='ocrx_word' id='word_1_107' title='bbox 261 1120 360 1189; x_wconf 82' lang='lat' dir='ltr'>Neque</span> <span class='ocrx_word' id='word_1_108' title='bbox 379 1138 445 1172; x_wconf 90' lang='lat' dir='ltr'><em>vero</em></span> <span class='ocrx_word' id='word_1_109' title='bbox 472 1122 508 1173; x_wconf 87' lang='lat' dir='ltr'><em>de</em></span> <span class='ocrx_word' id='word_1_110' title='bbox 527 1122 667 1174; x_wconf 88' lang='lat' dir='ltr'><em>cothurno</em></span> <span class='ocrx_word' id='word_1_111' title='bbox 691 1122 784 1174; x_wconf 87' lang='lat' dir='ltr'><em>solum</em></span> <span class='ocrx_word' id='word_1_112' title='bbox 810 1121 949 1188; x_wconf 79' lang='lat' dir='ltr'><em>Tragico,</em></span> <span class='ocrx_word' id='word_1_113' title='bbox 981 1120 1031 1173; x_wconf 86' lang='lat' dir='ltr'><em>sed</em></span> 
     </span>
    </p>

    <p class='ocr_par' dir='ltr' id='par_1_9' title="bbox 55 1186 1098 1806">
     <span class='ocr_line' id='line_1_16' title="bbox 85 1186 1031 1251; baseline 0 -10"><span class='ocrx_word' id='word_1_114' title='bbox 85 1204 104 1241; x_wconf 86' lang='lat' dir='ltr'><em>e</em></span> <span class='ocrx_word' id='word_1_115' title='bbox 129 1186 303 1241; x_wconf 80' lang='lat' dir='ltr'><em>Comoedias</em></span> <span class='ocrx_word' id='word_1_116' title='bbox 328 1202 412 1241; x_wconf 81' lang='lat' dir='ltr'><em>socco</em></span> <span class='ocrx_word' id='word_1_117' title='bbox 436 1198 464 1241; x_wconf 90' lang='lat' dir='ltr'><em>et</em></span> <span class='ocrx_word' id='word_1_118' title='bbox 486 1207 616 1243; x_wconf 80' lang='lat' dir='ltr'>sermone</span> <span class='ocrx_word' id='word_1_119' title='bbox 634 1190 760 1251; x_wconf 80' lang='lat' dir='ltr'><em>pedestri</em></span> <span class='ocrx_word' id='word_1_120' title='bbox 776 1189 836 1243; x_wconf 85' lang='lat' dir='ltr'><em>iem</em></span> <span class='ocrx_word' id='word_1_121' title='bbox 853 1190 938 1242; x_wconf 81' lang='lat' dir='ltr'><em>verba</em></span> <span class='ocrx_word' id='word_1_122' title='bbox 955 1188 1031 1241; x_wconf 84' lang='lat' dir='ltr'><em>lece·</em></span> 
     </span>
     <span class='ocr_line' id='line_1_17' title="bbox 57 1252 1029 1328; baseline 0 -18"><span class='ocrx_word' id='word_1_123' title='bbox 57 1262 111 1311; x_wconf 77' lang='lat' dir='ltr'><em>ret</em></span> <span class='ocrx_word' id='word_1_124' title='bbox 132 1256 249 1321; x_wconf 67' lang='lat' dir='ltr'><em>Noster,</em></span> <span class='ocrx_word' id='word_1_125' title='bbox 278 1265 310 1306; x_wconf 85' lang='lat' dir='ltr'><em>ut</em></span> <span class='ocrx_word' id='word_1_126' title='bbox 334 1252 366 1308; x_wconf 77' lang='grc' dir='ltr'><em>τὸ</em></span> <span class='ocrx_word' id='word_1_127' title='bbox 387 1257 503 1324; x_wconf 84' lang='lat' dir='ltr'><em>pulchra</em></span> <span class='ocrx_word' id='word_1_128' title='bbox 528 1257 643 1328; x_wconf 82' lang='lat' dir='ltr'><em>utrique</em></span> <span class='ocrx_word' id='word_1_129' title='bbox 669 1260 734 1312; x_wconf 85' lang='lat' dir='ltr'><em>stilo</em></span> <span class='ocrx_word' id='word_1_130' title='bbox 758 1266 818 1309; x_wconf 89' lang='lat' dir='ltr'><em>tam</em></span> <span class='ocrx_word' id='word_1_131' title='bbox 842 1258 924 1308; x_wconf 87' lang='lat' dir='ltr'><em>tenui</em></span> <span class='ocrx_word' id='word_1_132' title='bbox 942 1274 1029 1327; x_wconf 84' lang='lat' dir='ltr'><em>quam</em></span> 
     </span>
     <span class='ocr_line' id='line_1_18' title="bbox 98 1324 1029 1396; baseline 0.001 -19"><span class='ocrx_word' id='word_1_133' title='bbox 98 1324 171 1377; x_wconf 83' lang='lat' dir='ltr'><em>endi</em></span> <span class='ocrx_word' id='word_1_134' title='bbox 188 1341 329 1393; x_wconf 85' lang='lat' dir='ltr'><em>exaequo</em></span> <span class='ocrx_word' id='word_1_135' title='bbox 346 1328 501 1379; x_wconf 83' lang='lat' dir='ltr'><em>convenire</em></span> <span class='ocrx_word' id='word_1_136' title='bbox 520 1336 658 1396; x_wconf 89' lang='lat' dir='ltr'><em>oporteat.</em></span> <span class='ocrx_word' id='word_1_137' title='bbox 694 1326 820 1379; x_wconf 76' lang='lat' dir='ltr'><em>Achilles</em></span> <span class='ocrx_word' id='word_1_138' title='bbox 838 1327 959 1391; x_wconf 81' lang='lat' dir='ltr'><em>Statius,</em></span> <span class='ocrx_word' id='word_1_139' title='bbox 979 1328 1029 1396; x_wconf 85' lang='lat' dir='ltr'><em>qui</em></span> 
     </span>
     <span class='ocr_line' id='line_1_19' title="bbox 84 1387 1027 1465; baseline 0.003 -22"><span class='ocrx_word' id='word_1_140' title='bbox 84 1392 138 1444; x_wconf 87' lang='lat' dir='ltr'><em>uic</em></span> <span class='ocrx_word' id='word_1_141' title='bbox 155 1387 256 1446; x_wconf 81' lang='lat' dir='ltr'><em>libello</em></span> <span class='ocrx_word' id='word_1_142' title='bbox 279 1393 421 1447; x_wconf 84' lang='lat' dir='ltr'><em>eruditam</em></span> <span class='ocrx_word' id='word_1_143' title='bbox 445 1412 561 1465; x_wconf 85' lang='lat' dir='ltr'><em>opernm</em></span> <span class='ocrx_word' id='word_1_144' title='bbox 587 1397 745 1464; x_wconf 83' lang='lat' dir='ltr'><em>impendit,</em></span> <span class='ocrx_word' id='word_1_145' title='bbox 772 1393 888 1461; x_wconf 77' lang='lat' dir='ltr'><em>pulchra</em></span> <span class='ocrx_word' id='word_1_146' title='bbox 911 1395 972 1446; x_wconf 84' lang='lat' dir='ltr'><em>acci</em></span> <span class='ocrx_word' id='word_1_147' title='bbox 995 1396 1027 1461; x_wconf 85' lang='lat' dir='ltr'><em>it,</em></span> 
     </span>
     <span class='ocr_line' id='line_1_20' title="bbox 57 1412 1028 1532; baseline 0.003 -19"><span class='ocrx_word' id='word_1_148' title='bbox 57 1461 228 1531; x_wconf 78' lang='lat' dir='ltr'><em>quibusvis</em></span> <span class='ocrx_word' id='word_1_149' title='bbox 244 1462 314 1513; x_wconf 87' lang='lat' dir='ltr'><em>honi</em></span> <span class='ocrx_word' id='word_1_150' title='bbox 335 1463 365 1513; x_wconf 87' lang='lat' dir='ltr'><em>in</em></span> <span class='ocrx_word' id='word_1_151' title='bbox 384 1464 444 1532; x_wconf 81' lang='lat' dir='ltr'><em>ipsa</em></span> <span class='ocrx_word' id='word_1_152' title='bbox 462 1467 554 1515; x_wconf 79' lang='lat' dir='ltr'><em>forme</em></span> <span class='ocrx_word' id='word_1_153' title='bbox 576 1474 631 1529; x_wconf 82' lang='lat' dir='ltr'><em>est,</em></span> <span class='ocrx_word' id='word_1_154' title='bbox 659 1466 706 1515; x_wconf 78' lang='lat' dir='ltr'><em>sed</em></span> <span class='ocrx_word' id='word_1_155' title='bbox 724 1463 821 1514; x_wconf 87' lang='lat' dir='ltr'><em>nullus</em></span> <span class='ocrx_word' id='word_1_156' title='bbox 840 1462 918 1515; x_wconf 81' lang='lat' dir='ltr'><em>adest</em></span> <span class='ocrx_word' id='word_1_157' title='bbox 935 1412 1028 1517; x_wconf 72' lang='lat' dir='ltr'><em>cuitu·</em></span> 
     </span>
     <span class='ocr_line' id='line_1_21' title="bbox 57 1530 1028 1601; baseline -0.002 -18"><span class='ocrx_word' id='word_1_158' title='bbox 57 1539 90 1583; x_wconf 85' lang='lat' dir='ltr'><em>et</em></span> <span class='ocrx_word' id='word_1_159' title='bbox 108 1537 242 1585; x_wconf 74' lang='lat' dir='ltr'><em>cruatur:</em></span> <span class='ocrx_word' id='word_1_160' title='bbox 262 1530 366 1582; x_wconf 89' lang='lat' dir='ltr'><em>deiude</em></span> <span class='ocrx_word' id='word_1_161' title='bbox 384 1542 412 1581; x_wconf 94' lang='lat' dir='ltr'><em>et</em></span> <span class='ocrx_word' id='word_1_162' title='bbox 429 1532 599 1601; x_wconf 82' lang='lat' dir='ltr'><em>Dionysium</em></span> <span class='ocrx_word' id='word_1_163' title='bbox 619 1532 895 1584; x_wconf 82' lang='lat' dir='ltr'><em>lislicarnassensern</em></span> <span class='ocrx_word' id='word_1_164' title='bbox 912 1532 943 1582; x_wconf 88' lang='lat' dir='ltr'><em>in</em></span> <span class='ocrx_word' id='word_1_165' title='bbox 963 1549 1028 1600; x_wconf 86' lang='lat' dir='ltr'><em>par·</em></span> 
     </span>
     <span class='ocr_line' id='line_1_22' title="bbox 57 1592 1098 1668; baseline -0.001 -17"><span class='ocrx_word' id='word_1_166' title='bbox 57 1608 103 1651; x_wconf 79' lang='lat' dir='ltr'><em>tes</em></span> <span class='ocrx_word' id='word_1_167' title='bbox 124 1598 212 1662; x_wconf 84' lang='lat' dir='ltr'><em>citat,</em></span> <span class='ocrx_word' id='word_1_168' title='bbox 242 1598 292 1668; x_wconf 88' lang='lat' dir='ltr'><em>qui</em></span> <span class='ocrx_word' id='word_1_169' title='bbox 316 1595 348 1651; x_wconf 83' lang='grc' dir='ltr'><em>τὸ</em></span> <span class='ocrx_word' id='word_1_170' title='bbox 376 1592 431 1667; x_wconf 75' lang='grc' dir='ltr'><em>ἡδὺ</em></span> <span class='ocrx_word' id='word_1_171' title='bbox 455 1601 486 1653; x_wconf 88' lang='lat' dir='ltr'><em>iu</em></span> <span class='ocrx_word' id='word_1_172' title='bbox 504 1600 641 1667; x_wconf 56' lang='lat' dir='ltr'><em>oratione¹</em></span> <span class='ocrx_word' id='word_1_173' title='bbox 654 1618 682 1652; x_wconf 81' lang='lat' dir='ltr'><em>se</em></span> <span class='ocrx_word' id='word_1_174' title='bbox 704 1609 765 1651; x_wconf 82' lang='lat' dir='ltr'><em>arnt</em></span> <span class='ocrx_word' id='word_1_175' title='bbox 783 1594 839 1650; x_wconf 76' lang='grc' dir='ltr'><em>ἀπὸ</em></span> <span class='ocrx_word' id='word_1_176' title='bbox 858 1597 910 1651; x_wconf 82' lang='grc' dir='ltr'><em>τοῦ</em></span> <span class='ocrx_word' id='word_1_177' title='bbox 926 1598 1025 1666; x_wconf 77' lang='grc' dir='ltr'><strong><em>καλοῦ,</em></strong></span> <span class='ocrx_word' id='word_1_178' title='bbox 1095 1654 1098 1661; x_wconf 67' lang='grc'>,</span> 
     </span>
     <span class='ocr_line' id='line_1_23' title="bbox 56 1666 1024 1739; baseline 0.001 -22"><span class='ocrx_word' id='word_1_179' title='bbox 56 1666 151 1739; x_wconf 82' lang='lat' dir='ltr'><em>plene</em></span> <span class='ocrx_word' id='word_1_180' title='bbox 168 1676 203 1717; x_wconf 85' lang='lat' dir='ltr'><em>ut</em></span> <span class='ocrx_word' id='word_1_181' title='bbox 219 1668 321 1719; x_wconf 77' lang='lat' dir='ltr'><em>Noster</em></span> <span class='ocrx_word' id='word_1_182' title='bbox 343 1668 427 1721; x_wconf 82' lang='lat' dir='ltr'>dulce</span> <span class='ocrx_word' id='word_1_183' title='bbox 447 1687 464 1721; x_wconf 83' lang='lat' dir='ltr'><em>e</em></span> <span class='ocrx_word' id='word_1_184' title='bbox 487 1669 618 1738; x_wconf 83' lang='lat' dir='ltr'><em>pulchro.</em></span> <span class='ocrx_word' id='word_1_185' title='bbox 656 1672 707 1720; x_wconf 87' lang='lat' dir='ltr'><em>Vix</em></span> <span class='ocrx_word' id='word_1_186' title='bbox 727 1678 869 1720; x_wconf 78' lang='lat' dir='ltr'><em>tamense</em></span> <span class='ocrx_word' id='word_1_187' title='bbox 889 1669 1024 1737; x_wconf 47' lang='lat' dir='ltr'><em>criticen</em></span> 
     </span>
     <span class='ocr_line' id='line_1_24' title="bbox 55 1734 1025 1806; baseline -0.004 -17"><span class='ocrx_word' id='word_1_188' title='bbox 55 1750 157 1805; x_wconf 75' lang='lat' dir='ltr'><em>neque</em></span> <span class='ocrx_word' id='word_1_189' title='bbox 171 1750 224 1803; x_wconf 75' lang='lat' dir='ltr'><em>ego</em></span> <span class='ocrx_word' id='word_1_190' title='bbox 234 1734 356 1800; x_wconf 88' lang='lat' dir='ltr'><em>Lectori,</em></span> <span class='ocrx_word' id='word_1_191' title='bbox 376 1736 445 1805; x_wconf 87' lang='lat' dir='ltr'><em>quid</em></span> <span class='ocrx_word' id='word_1_192' title='bbox 463 1754 496 1789; x_wconf 88' lang='lat' dir='ltr'><em>ex</em></span> <span class='ocrx_word' id='word_1_193' title='bbox 514 1737 560 1789; x_wconf 83' lang='lat' dir='ltr'><em>hie</em></span> <span class='ocrx_word' id='word_1_194' title='bbox 576 1746 710 1806; x_wconf 82' lang='lat' dir='ltr'><em>sequetur</em></span> <span class='ocrx_word' id='word_1_195' title='bbox 727 1745 755 1787; x_wconf 88' lang='lat' dir='ltr'><em>et</em></span> <span class='ocrx_word' id='word_1_196' title='bbox 772 1735 923 1804; x_wconf 82' lang='lat' dir='ltr'><em>praeferet,</em></span> <span class='ocrx_word' id='word_1_197' title='bbox 943 1753 1025 1804; x_wconf 85' lang='lat' dir='ltr'><em>prae·</em></span> 
     </span>
    </p>

    <p class='ocr_par' dir='ltr' id='par_1_10' title="bbox 10 1776 1024 1941">
     <span class='ocr_line' id='line_1_25' title="bbox 10 1776 1024 1875; baseline -0.002 -18"><span class='ocrx_word' id='word_1_198' title='bbox 10 1776 14 1857; x_wconf 75' lang='lat' dir='ltr'><em>i</em></span> <span class='ocrx_word' id='word_1_199' title='bbox 57 1804 161 1875; x_wconf 78' lang='lat' dir='ltr'><em>cipere</em></span> <span class='ocrx_word' id='word_1_200' title='bbox 193 1802 268 1855; x_wconf 90' lang='lat' dir='ltr'><em>volo.</em></span> <span class='ocrx_word' id='word_1_201' title='bbox 320 1805 429 1857; x_wconf 79' lang='lat' dir='ltr'><em>Novem</em></span> <span class='ocrx_word' id='word_1_202' title='bbox 456 1807 654 1857; x_wconf 84' lang='lat' dir='ltr'><em>tantummodo</em></span> <span class='ocrx_word' id='word_1_203' title='bbox 681 1805 837 1857; x_wconf 85' lang='lat' dir='ltr'><em>lectionem</em></span> <span class='ocrx_word' id='word_1_204' title='bbox 863 1820 897 1855; x_wconf 83' lang='lat' dir='ltr'><em>ex</em></span> <span class='ocrx_word' id='word_1_205' title='bbox 926 1805 1024 1873; x_wconf 73' lang='lat' dir='ltr'><em>Vigor·</em></span> 
     </span>
     <span class='ocr_line' id='line_1_26' title="bbox 58 1859 968 1941; baseline -0.003 -13"><span class='ocrx_word' id='word_1_206' title='bbox 58 1872 157 1927; x_wconf 74' lang='lat' dir='ltr'><em>aiensi</em></span> <span class='ocrx_word' id='word_1_207' title='bbox 178 1870 277 1933; x_wconf 76' lang='lat' dir='ltr'><em>codice</em></span> <span class='ocrx_word' id='word_1_208' title='bbox 296 1873 464 1940; x_wconf 78' lang='lat' dir='ltr'>producam,</span> <span class='ocrx_word' id='word_1_209' title='bbox 488 1890 559 1941; x_wconf 86' lang='lat' dir='ltr'><em>quae</em></span> <span class='ocrx_word' id='word_1_210' title='bbox 577 1875 618 1925; x_wconf 85' lang='lat' dir='ltr'><em>sic</em></span> <span class='ocrx_word' id='word_1_211' title='bbox 638 1874 736 1925; x_wconf 83' lang='lat' dir='ltr'><em>hebet:</em></span> <span class='ocrx_word' id='word_1_212' title='bbox 844 1859 854 1885; x_wconf 71' lang='lat'><em>¹&#39;</em></span> <span class='ocrx_word' id='word_1_213' title='bbox 964 1882 968 1891; x_wconf 93' lang='grc'><strong>“</strong></span> 
     </span>
    </p>

    <p class='ocr_par' dir='ltr' id='par_1_11' title="bbox 132 1938 875 2008">
     <span class='ocr_line' id='line_1_27' title="bbox 132 1938 875 2008; baseline 0.003 -19"><span class='ocrx_word' id='word_1_214' title='bbox 132 1938 282 1995; x_wconf 79' lang='lat' dir='ltr'><em>Ncnsatis</em></span> <span class='ocrx_word' id='word_1_215' title='bbox 300 1954 336 1991; x_wconf 85' lang='lat' dir='ltr'><em>est</em></span> <span class='ocrx_word' id='word_1_216' title='bbox 352 1958 423 2008; x_wconf 85' lang='lat' dir='ltr'><em>pura</em></span> <span class='ocrx_word' id='word_1_217' title='bbox 444 1959 499 1992; x_wconf 83' lang='lat' dir='ltr'><em>esse</em></span> <span class='ocrx_word' id='word_1_218' title='bbox 516 1949 655 2007; x_wconf 58' lang='lat' dir='ltr'><em>poemata:</em></span> <span class='ocrx_word' id='word_1_219' title='bbox 675 1943 766 1992; x_wconf 86' lang='lat' dir='ltr'><em>dulcia</em></span> <span class='ocrx_word' id='word_1_220' title='bbox 777 1952 875 1991; x_wconf 83' lang='lat' dir='ltr'><em>sunto:</em></span> 
     </span>
    </p>

    <p class='ocr_par' dir='ltr' id='par_1_12' title="bbox 10 2006 1093 2077">
     <span class='ocr_line' id='line_1_28' title="bbox 10 2006 1093 2077; baseline -0.003 -19"><span class='ocrx_word' id='word_1_221' title='bbox 10 2029 13 2058; x_wconf 87' lang='lat' dir='ltr'><em>t</em></span> <span class='ocrx_word' id='word_1_222' title='bbox 88 2030 92 2035; x_wconf 96' lang='lat'>·</span> <span class='ocrx_word' id='word_1_223' title='bbox 131 2010 347 2077; x_wconf 67' lang='lat' dir='ltr'><em>usquecunque</em></span> <span class='ocrx_word' id='word_1_224' title='bbox 364 2010 454 2060; x_wconf 81' lang='lat' dir='ltr'><em>volent</em></span> <span class='ocrx_word' id='word_1_225' title='bbox 472 2012 589 2061; x_wconf 81' lang='lat' dir='ltr'><em>animum</em></span> <span class='ocrx_word' id='word_1_226' title='bbox 607 2012 738 2061; x_wconf 71' lang='lat' dir='ltr'><em>creditoris</em></span> <span class='ocrx_word' id='word_1_227' title='bbox 755 2006 895 2077; x_wconf 70' lang='lat' dir='ltr'><em>agunto.&#39;</em></span> <span class='ocrx_word' id='word_1_228' title='bbox 1087 2050 1093 2069; x_wconf 30' lang='lat'><em>¹,</em></span> 
     </span>
    </p>

    <p class='ocr_par' dir='ltr' id='par_1_13' title="bbox 10 2076 1024 2355">
     <span class='ocr_line' id='line_1_29' title="bbox 10 2076 1023 2197; baseline -0.002 -67"><span class='ocrx_word' id='word_1_229' title='bbox 10 2077 12 2083; x_wconf 83' lang='lat'>&#39;</span> <span class='ocrx_word' id='word_1_230' title='bbox 58 2080 83 2130; x_wconf 76' lang='lat' dir='ltr'>A</span> <span class='ocrx_word' id='word_1_231' title='bbox 100 2078 199 2147; x_wconf 83' lang='lat' dir='ltr'><em>prime</em></span> <span class='ocrx_word' id='word_1_232' title='bbox 215 2092 312 2144; x_wconf 89' lang='lat' dir='ltr'><em>manu,</em></span> <span class='ocrx_word' id='word_1_233' title='bbox 332 2076 363 2130; x_wconf 90' lang='lat' dir='ltr'><em>in</em></span> <span class='ocrx_word' id='word_1_234' title='bbox 381 2088 514 2131; x_wconf 84' lang='lat' dir='ltr'><em>contextu</em></span> <span class='ocrx_word' id='word_1_235' title='bbox 532 2090 594 2131; x_wconf 86' lang='lat' dir='ltr'><em>eret</em></span> <span class='ocrx_word' id='word_1_236' title='bbox 611 2079 747 2141; x_wconf 52' lang='lat' dir='ltr'><em>interru-</em></span> <span class='ocrx_word' id='word_1_237' title='bbox 764 2087 860 2197; x_wconf 67' lang='lat' dir='ltr'><em>p&#39;ostea</em></span> <span class='ocrx_word' id='word_1_238' title='bbox 876 2092 928 2147; x_wconf 84' lang='lat' dir='ltr'><em>per</em></span> <span class='ocrx_word' id='word_1_239' title='bbox 943 2090 1023 2129; x_wconf 81' lang='lat' dir='ltr'><em>retu·</em></span> 
     </span>
     <span class='ocr_line' id='line_1_30' title="bbox 57 2146 1024 2217; baseline -0.002 -18"><span class='ocrx_word' id='word_1_240' title='bbox 57 2162 126 2199; x_wconf 77' lang='lat' dir='ltr'><em>rem</em></span> <span class='ocrx_word' id='word_1_241' title='bbox 144 2146 219 2197; x_wconf 84' lang='lat' dir='ltr'><em>Pura</em></span> <span class='ocrx_word' id='word_1_242' title='bbox 237 2146 392 2214; x_wconf 84' lang='lat' dir='ltr'><em>repositum</em></span> <span class='ocrx_word' id='word_1_243' title='bbox 411 2157 466 2215; x_wconf 81' lang='lat' dir='ltr'><em>eet,</em></span> <span class='ocrx_word' id='word_1_244' title='bbox 496 2156 525 2199; x_wconf 91' lang='lat' dir='ltr'><em>et</em></span> <span class='ocrx_word' id='word_1_245' title='bbox 542 2148 656 2215; x_wconf 73' lang='lat' dir='ltr'><em>pulchra</em></span> <span class='ocrx_word' id='word_1_246' title='bbox 671 2149 748 2199; x_wconf 89' lang='lat' dir='ltr'><em>inter</em></span> <span class='ocrx_word' id='word_1_247' title='bbox 777 2147 855 2202; x_wconf 84' lang='lat' dir='ltr'><em>ineas</em></span> <span class='ocrx_word' id='word_1_248' title='bbox 872 2164 924 2217; x_wconf 92' lang='lat' dir='ltr'><em>pro</em></span> <span class='ocrx_word' id='word_1_249' title='bbox 943 2146 1024 2198; x_wconf 80' lang='lat' dir='ltr'><em>varie</em></span> 
     </span>
     <span class='ocr_line' id='line_1_31' title="bbox 58 2213 1022 2287; baseline -0.002 -20"><span class='ocrx_word' id='word_1_250' title='bbox 58 2214 191 2267; x_wconf 84' lang='lat' dir='ltr'><em>lectione</em></span> <span class='ocrx_word' id='word_1_251' title='bbox 205 2213 373 2283; x_wconf 81' lang='lat' dir='ltr'><em>relegatum.</em></span> <span class='ocrx_word' id='word_1_252' title='bbox 414 2217 489 2284; x_wconf 79' lang='lat' dir='ltr'><em>Ergo</em></span> <span class='ocrx_word' id='word_1_253' title='bbox 513 2216 575 2283; x_wconf 86' lang='lat' dir='ltr'><em>hic,</em></span> <span class='ocrx_word' id='word_1_254' title='bbox 612 2217 786 2287; x_wconf 82' lang='lat' dir='ltr'><strong>quicumque</strong></span> <span class='ocrx_word' id='word_1_255' title='bbox 812 2215 883 2283; x_wconf 81' lang='lat' dir='ltr'><em>tuit,</em></span> <span class='ocrx_word' id='word_1_256' title='bbox 911 2215 945 2266; x_wconf 88' lang='lat' dir='ltr'><em>in</em></span> <span class='ocrx_word' id='word_1_257' title='bbox 964 2214 1022 2266; x_wconf 85' lang='lat' dir='ltr'><em>alio</em></span> 
     </span>
     <span class='ocr_line' id='line_1_32' title="bbox 59 2282 1023 2355; baseline -0.003 -18"><span class='ocrx_word' id='word_1_258' title='bbox 59 2282 220 2353; x_wconf 75' lang='lat' dir='ltr'><em>exemplari</em></span> <span class='ocrx_word' id='word_1_259' title='bbox 242 2282 316 2333; x_wconf 85' lang='lat' dir='ltr'><em>Pura</em></span> <span class='ocrx_word' id='word_1_260' title='bbox 334 2283 492 2349; x_wconf 84' lang='lat' dir='ltr'><em>invenerat,</em></span> <span class='ocrx_word' id='word_1_261' title='bbox 511 2295 540 2336; x_wconf 91' lang='lat' dir='ltr'><em>et</em></span> <span class='ocrx_word' id='word_1_262' title='bbox 557 2288 649 2355; x_wconf 85' lang='lat' dir='ltr'><em>priori</em></span> <span class='ocrx_word' id='word_1_263' title='bbox 666 2285 784 2337; x_wconf 85' lang='lat' dir='ltr'><em>lectioni</em></span> <span class='ocrx_word' id='word_1_264' title='bbox 802 2283 948 2353; x_wconf 85' lang='lat' dir='ltr'><em>praetulit.</em></span> <span class='ocrx_word' id='word_1_265' title='bbox 976 2283 1023 2334; x_wconf 88' lang='lat' dir='ltr'><em>Vi·</em></span> 
     </span>
    </p>

    <p class='ocr_par' dir='ltr' id='par_1_14' title="bbox 10 2350 1055 2421">
     <span class='ocr_line' id='line_1_33' title="bbox 10 2350 1055 2421; baseline -0.002 -16"><span class='ocrx_word' id='word_1_266' title='bbox 10 2377 13 2389; x_wconf 83' lang='lat'><em>=</em></span> <span class='ocrx_word' id='word_1_267' title='bbox 59 2352 180 2405; x_wconf 78' lang='lat' dir='ltr'><em>deemus</em></span> <span class='ocrx_word' id='word_1_268' title='bbox 197 2350 268 2421; x_wconf 83' lang='lat' dir='ltr'><em>quid</em></span> <span class='ocrx_word' id='word_1_269' title='bbox 286 2353 335 2415; x_wconf 84' lang='lat' dir='ltr'><em>sit,</em></span> <span class='ocrx_word' id='word_1_270' title='bbox 356 2360 384 2402; x_wconf 93' lang='lat' dir='ltr'><em>et</em></span> <span class='ocrx_word' id='word_1_271' title='bbox 400 2368 486 2420; x_wconf 84' lang='lat' dir='ltr'><em>quarn</em></span> <span class='ocrx_word' id='word_1_272' title='bbox 503 2362 568 2420; x_wconf 85' lang='lat' dir='ltr'><em>apta</em></span> <span class='ocrx_word' id='word_1_273' title='bbox 586 2369 652 2404; x_wconf 86' lang='lat' dir='ltr'><em>curn</em></span> <span class='ocrx_word' id='word_1_274' title='bbox 669 2352 905 2421; x_wconf 74' lang='lat' dir='ltr'><em>praecedentibus</em></span> <span class='ocrx_word' id='word_1_275' title='bbox 922 2350 1024 2404; x_wconf 84' lang='lat' dir='ltr'><em>cohee·</em></span> <span class='ocrx_word' id='word_1_276' title='bbox 1048 2397 1055 2403; x_wconf 94' lang='lat'><em>.</em></span> 
     </span>
    </p>

    <p class='ocr_par' dir='ltr' id='par_1_15' title="bbox 10 2418 1023 2696">
     <span class='ocr_line' id='line_1_34' title="bbox 10 2418 1023 2496; baseline -0.006 -19"><span class='ocrx_word' id='word_1_277' title='bbox 10 2470 12 2477; x_wconf 94' lang='lat'><em>.</em></span> <span class='ocrx_word' id='word_1_278' title='bbox 58 2418 134 2473; x_wconf 66' lang='lat' dir='ltr'><em>teet.</em></span> <span class='ocrx_word' id='word_1_279' title='bbox 168 2420 287 2471; x_wconf 76' lang='lat' dir='ltr'><em>Dixerat</em></span> <span class='ocrx_word' id='word_1_280' title='bbox 304 2420 362 2471; x_wconf 81' lang='lat' dir='ltr'><em>iarn</em></span> <span class='ocrx_word' id='word_1_281' title='bbox 380 2421 494 2487; x_wconf 78' lang='lat' dir='ltr'><em>Noster,</em></span> <span class='ocrx_word' id='word_1_282' title='bbox 526 2419 686 2490; x_wconf 84' lang='lat' dir='ltr'><em>Telephum</em></span> <span class='ocrx_word' id='word_1_283' title='bbox 705 2430 734 2472; x_wconf 85' lang='lat' dir='ltr'><em>et</em></span> <span class='ocrx_word' id='word_1_284' title='bbox 751 2420 853 2485; x_wconf 83' lang='lat' dir='ltr'><em>Pelea,</em></span> <span class='ocrx_word' id='word_1_285' title='bbox 885 2421 935 2487; x_wconf 89' lang='lat' dir='ltr'><em>qui</em></span> <span class='ocrx_word' id='word_1_286' title='bbox 954 2434 1023 2496; x_wconf 85' lang='lat' dir='ltr'><em>pau·</em></span> 
     </span>
     <span class='ocr_line' id='line_1_35' title="bbox 58 2486 1023 2563; baseline -0.004 -22"><span class='ocrx_word' id='word_1_287' title='bbox 58 2506 146 2563; x_wconf 85' lang='lat' dir='ltr'><em>peres</em></span> <span class='ocrx_word' id='word_1_288' title='bbox 161 2496 191 2541; x_wconf 89' lang='lat' dir='ltr'><em>et</em></span> <span class='ocrx_word' id='word_1_289' title='bbox 208 2487 301 2539; x_wconf 81' lang='lat' dir='ltr'><em>exules</em></span> <span class='ocrx_word' id='word_1_290' title='bbox 320 2487 504 2555; x_wconf 86' lang='lat' dir='ltr'><em>inducuntur,</em></span> <span class='ocrx_word' id='word_1_291' title='bbox 523 2506 581 2541; x_wconf 91' lang='lat' dir='ltr'><em>non</em></span> <span class='ocrx_word' id='word_1_292' title='bbox 601 2489 719 2558; x_wconf 77' lang='lat' dir='ltr'><em>politicis</em></span> <span class='ocrx_word' id='word_1_293' title='bbox 735 2496 764 2538; x_wconf 85' lang='lat' dir='ltr'><em>et</em></span> <span class='ocrx_word' id='word_1_294' title='bbox 782 2486 1023 2556; x_wconf 79' lang='lat' dir='ltr'><em>sesquipedahbu&#39;t</em></span> 
     </span>
     <span class='ocr_line' id='line_1_36' title="bbox 59 2555 1023 2626; baseline -0.005 -15"><span class='ocrx_word' id='word_1_295' title='bbox 59 2557 172 2623; x_wconf 75' lang='lat' dir='ltr'><em>verbis,</em></span> <span class='ocrx_word' id='word_1_296' title='bbox 203 2557 252 2608; x_wconf 83' lang='lat' dir='ltr'><em>sed</em></span> <span class='ocrx_word' id='word_1_297' title='bbox 271 2557 394 2626; x_wconf 82' lang='lat' dir='ltr'><em>pedestri</em></span> <span class='ocrx_word' id='word_1_298' title='bbox 413 2565 441 2609; x_wconf 90' lang='lat' dir='ltr'><em>et</em></span> <span class='ocrx_word' id='word_1_299' title='bbox 459 2556 539 2609; x_wconf 87' lang='lat' dir='ltr'><em>civili</em></span> <span class='ocrx_word' id='word_1_300' title='bbox 557 2575 688 2611; x_wconf 84' lang='lat' dir='ltr'><em>sermone</em></span> <span class='ocrx_word' id='word_1_301' title='bbox 708 2556 759 2608; x_wconf 88' lang='lat' dir='ltr'><em>uti.</em></span> <span class='ocrx_word' id='word_1_302' title='bbox 805 2556 895 2607; x_wconf 84' lang='lat' dir='ltr'><em>Recte</em></span> <span class='ocrx_word' id='word_1_303' title='bbox 917 2555 974 2607; x_wconf 84' lang='lat' dir='ltr'><em>hoc</em></span> <span class='ocrx_word' id='word_1_304' title='bbox 993 2562 1023 2607; x_wconf 86' lang='lat' dir='ltr'><em>et</em></span> 
     </span>
     <span class='ocr_line' id='line_1_37' title="bbox 54 2624 681 2696; baseline 0.002 -17"><span class='ocrx_word' id='word_1_305' title='bbox 54 2642 96 2696; x_wconf 75' lang='grc' dir='ltr'><strong>μ</strong></span> <span class='ocrx_word' id='word_1_306' title='bbox 114 2626 236 2679; x_wconf 87' lang='lat' dir='ltr'><em>decoro:</em></span> <span class='ocrx_word' id='word_1_307' title='bbox 255 2624 304 2675; x_wconf 81' lang='lat' dir='ltr'><em>sed</em></span> <span class='ocrx_word' id='word_1_308' title='bbox 320 2624 398 2677; x_wconf 87' lang='lat' dir='ltr'><em>addit</em></span> <span class='ocrx_word' id='word_1_309' title='bbox 415 2635 512 2678; x_wconf 83' lang='lat' dir='ltr'><em>temen</em></span> <span class='ocrx_word' id='word_1_310' title='bbox 529 2627 681 2680; x_wconf 85' lang='lat' dir='ltr'><em>continno:</em></span> 
     </span>
    </p>

    <p class='ocr_par' dir='ltr' id='par_1_16' title="bbox 131 2688 864 2761">
     <span class='ocr_line' id='line_1_38' title="bbox 131 2688 864 2761; baseline -0.005 -16"><span class='ocrx_word' id='word_1_311' title='bbox 131 2694 199 2745; x_wconf 85' lang='lat' dir='ltr'><em>Non</em></span> <span class='ocrx_word' id='word_1_312' title='bbox 216 2696 284 2743; x_wconf 85' lang='lat' dir='ltr'><em>satis</em></span> <span class='ocrx_word' id='word_1_313' title='bbox 300 2708 337 2744; x_wconf 80' lang='lat' dir='ltr'><em>est</em></span> <span class='ocrx_word' id='word_1_314' title='bbox 355 2688 424 2760; x_wconf 73' lang='lat' dir='ltr'><em>puro</em></span> <span class='ocrx_word' id='word_1_315' title='bbox 441 2712 496 2746; x_wconf 79' lang='lat' dir='ltr'><em>esse</em></span> <span class='ocrx_word' id='word_1_316' title='bbox 512 2702 651 2761; x_wconf 81' lang='lat' dir='ltr'><em>po&#39;e&#39;metn:</em></span> <span class='ocrx_word' id='word_1_317' title='bbox 668 2694 759 2745; x_wconf 84' lang='lat' dir='ltr'><em>dulcia</em></span> <span class='ocrx_word' id='word_1_318' title='bbox 776 2704 864 2743; x_wconf 86' lang='lat' dir='ltr'><em>sunto.</em></span> 
     </span>
    </p>

    <p class='ocr_par' dir='ltr' id='par_1_17' title="bbox 59 2760 1039 2900">
     <span class='ocr_line' id='line_1_39' title="bbox 59 2760 1023 2833; baseline -0.003 -17"><span class='ocrx_word' id='word_1_319' title='bbox 59 2764 198 2815; x_wconf 77' lang='lat' dir='ltr'><em>Nondum</em></span> <span class='ocrx_word' id='word_1_320' title='bbox 216 2770 311 2813; x_wconf 87' lang='lat' dir='ltr'><em>autem</em></span> <span class='ocrx_word' id='word_1_321' title='bbox 330 2763 364 2813; x_wconf 90' lang='lat' dir='ltr'><em>de</em></span> <span class='ocrx_word' id='word_1_322' title='bbox 381 2762 483 2815; x_wconf 84' lang='lat' dir='ltr'><em>iisdem</em></span> <span class='ocrx_word' id='word_1_323' title='bbox 502 2763 582 2833; x_wconf 82' lang='lat' dir='ltr'><em>loqui</em></span> <span class='ocrx_word' id='word_1_324' title='bbox 603 2762 723 2831; x_wconf 79' lang='lat' dir='ltr'><em>desiisse,</em></span> <span class='ocrx_word' id='word_1_325' title='bbox 744 2760 891 2831; x_wconf 81' lang='lat' dir='ltr'><em>sequeutia</em></span> <span class='ocrx_word' id='word_1_326' title='bbox 907 2776 1023 2832; x_wconf 78' lang='lat' dir='ltr'><em>pertua·</em></span> 
     </span>
     <span class='ocr_line' id='line_1_40' title="bbox 59 2829 1039 2900; baseline -0.004 -15"><span class='ocrx_word' id='word_1_327' title='bbox 59 2830 217 2885; x_wconf 67' lang='lat' dir='ltr'><em>dentouhi</em></span> <span class='ocrx_word' id='word_1_328' title='bbox 237 2829 348 2883; x_wconf 84' lang='lat' dir='ltr'><em>eosdem</em></span> <span class='ocrx_word' id='word_1_329' title='bbox 369 2832 525 2900; x_wconf 78' lang='lat' dir='ltr'><em>compellat</em></span> <span class='ocrx_word' id='word_1_330' title='bbox 544 2852 568 2883; x_wconf 84' lang='lat' dir='ltr'><em>v.</em></span> <span class='ocrx_word' id='word_1_331' title='bbox 590 2850 646 2897; x_wconf 82' lang='lat'><strong>104·</strong></span> <span class='ocrx_word' id='word_1_332' title='bbox 1036 2856 1039 2861; x_wconf 91' lang='lat'>·</span> 
     </span>
    </p>

    <p class='ocr_par' dir='ltr' id='par_1_18' title="bbox 131 2896 855 2968">
     <span class='ocr_line' id='line_1_41' title="bbox 131 2896 855 2968; baseline -0.008 -17"><span class='ocrx_word' id='word_1_333' title='bbox 131 2896 259 2965; x_wconf 83' lang='lat' dir='ltr'><em>Telephe</em></span> <span class='ocrx_word' id='word_1_334' title='bbox 278 2898 323 2949; x_wconf 84' lang='lat' dir='ltr'><em>vel</em></span> <span class='ocrx_word' id='word_1_335' title='bbox 340 2899 438 2968; x_wconf 85' lang='lat' dir='ltr'><em>Peleu,</em></span> <span class='ocrx_word' id='word_1_336' title='bbox 457 2901 527 2951; x_wconf 79' lang='lat' dir='ltr'><em>trraic</em></span> <span class='ocrx_word' id='word_1_337' title='bbox 543 2900 568 2951; x_wconf 88' lang='lat' dir='ltr'><em>si</em></span> <span class='ocrx_word' id='word_1_338' title='bbox 585 2900 714 2955; x_wconf 78' lang='lat' dir='ltr'><em>enortdatc</em></span> <span class='ocrx_word' id='word_1_339' title='bbox 729 2896 855 2967; x_wconf 81' lang='lat' dir='ltr'><em>loqueris.</em></span> 
     </span>
    </p>

    <p class='ocr_par' dir='ltr' id='par_1_19' title="bbox 58 2962 1073 3104">
     <span class='ocr_line' id='line_1_42' title="bbox 58 2962 1073 3039; baseline -0.01 -16"><span class='ocrx_word' id='word_1_340' title='bbox 58 2965 141 3039; x_wconf 68' lang='lat' dir='ltr'><em>E&#39;rgo</em></span> <span class='ocrx_word' id='word_1_341' title='bbox 164 2966 220 3019; x_wconf 89' lang='lat' dir='ltr'><em>hoc</em></span> <span class='ocrx_word' id='word_1_342' title='bbox 244 2966 319 3033; x_wconf 89' lang='lat' dir='ltr'><em>vult,</em></span> <span class='ocrx_word' id='word_1_343' title='bbox 355 2970 420 3021; x_wconf 86' lang='lat' dir='ltr'><em>Non</em></span> <span class='ocrx_word' id='word_1_344' title='bbox 442 2970 507 3020; x_wconf 80' lang='lat' dir='ltr'><em>sutis</em></span> <span class='ocrx_word' id='word_1_345' title='bbox 525 2978 580 3032; x_wconf 85' lang='lat' dir='ltr'><em>est,</em></span> <span class='ocrx_word' id='word_1_346' title='bbox 615 2978 646 3019; x_wconf 88' lang='lat' dir='ltr'><em>ut</em></span> <span class='ocrx_word' id='word_1_347' title='bbox 669 2966 748 3037; x_wconf 85' lang='lat' dir='ltr'><em>puris</em></span> <span class='ocrx_word' id='word_1_348' title='bbox 765 2975 793 3017; x_wconf 91' lang='lat' dir='ltr'><em>et</em></span> <span class='ocrx_word' id='word_1_349' title='bbox 811 2962 943 3017; x_wconf 80' lang='lat' dir='ltr'><em>civilibus</em></span> <span class='ocrx_word' id='word_1_350' title='bbox 959 2979 1022 3037; x_wconf 48' lang='lat' dir='ltr'><em>ver:</em></span> <span class='ocrx_word' id='word_1_351' title='bbox 1069 2966 1073 2974; x_wconf 91' lang='lat'>&#39;</span> 
     </span>
     <span class='ocr_line' id='line_1_43' title="bbox 58 3030 1023 3104; baseline -0.009 -13"><span class='ocrx_word' id='word_1_352' title='bbox 58 3038 106 3091; x_wconf 77' lang='lat' dir='ltr'><em>ltia</em></span> <span class='ocrx_word' id='word_1_353' title='bbox 124 3045 221 3087; x_wconf 80' lang='lat' dir='ltr'><em>utatur</em></span> <span class='ocrx_word' id='word_1_354' title='bbox 240 3035 400 3104; x_wconf 70' lang='lat' dir='ltr'><em>Telephum</em></span> <span class='ocrx_word' id='word_1_355' title='bbox 426 3038 512 3088; x_wconf 82' lang='lat' dir='ltr'><em>etiem</em></span> <span class='ocrx_word' id='word_1_356' title='bbox 530 3036 661 3088; x_wconf 81' lang='lat' dir='ltr'><em>dulcibus</em></span> <span class='ocrx_word' id='word_1_357' title='bbox 679 3036 825 3104; x_wconf 88' lang='lat' dir='ltr'><em>loquetur,</em></span> <span class='ocrx_word' id='word_1_358' title='bbox 837 3048 920 3103; x_wconf 76' lang='lat' dir='ltr'><em>¹quoe</em></span> <span class='ocrx_word' id='word_1_359' title='bbox 938 3030 1023 3083; x_wconf 82' lang='lat' dir='ltr'><em>affec·</em></span> 
     </span>
    </p>
   </div>
   <div class='ocr_carea' id='block_1_3' title="bbox 49 3092 1022 3585">
    <p class='ocr_par' dir='ltr' id='par_1_20' title="bbox 49 3092 1022 3517">
     <span class='ocr_line' id='line_1_44' title="bbox 57 3092 1022 3174; baseline -0.004 -17"><span class='ocrx_word' id='word_1_360' title='bbox 57 3116 107 3158; x_wconf 81' lang='lat' dir='ltr'><em>tus</em></span> <span class='ocrx_word' id='word_1_361' title='bbox 123 3114 267 3171; x_wconf 83' lang='lat' dir='ltr'><em>moveant,</em></span> <span class='ocrx_word' id='word_1_362' title='bbox 287 3120 359 3174; x_wconf 85' lang='lat' dir='ltr'><em>quae</em></span> <span class='ocrx_word' id='word_1_363' title='bbox 377 3106 515 3157; x_wconf 74' lang='lat' dir='ltr'><em>auditoris</em></span> <span class='ocrx_word' id='word_1_364' title='bbox 531 3107 661 3160; x_wconf 73' lang='lat' dir='ltr'><em>aninumr</em></span> <span class='ocrx_word' id='word_1_365' title='bbox 679 3119 847 3172; x_wconf 83' lang='lat' dir='ltr'><em>quocunque</em></span> <span class='ocrx_word' id='word_1_366' title='bbox 864 3092 969 3165; x_wconf 76' lang='lat' dir='ltr'><em>v&#39;olent,</em></span> <span class='ocrx_word' id='word_1_367' title='bbox 986 3098 1022 3153; x_wconf 85' lang='lat' dir='ltr'><em>nd</em></span> 
     </span>
     <span class='ocr_line' id='line_1_45' title="bbox 59 3170 1020 3241; baseline -0.008 -15"><span class='ocrx_word' id='word_1_368' title='bbox 59 3172 306 3238; x_wconf 76' lang='lat' dir='ltr'><em>misericordium,</em></span> <span class='ocrx_word' id='word_1_369' title='bbox 332 3173 575 3241; x_wconf 78' lang='lat' dir='ltr'><em>indignationem,</em></span> <span class='ocrx_word' id='word_1_370' title='bbox 600 3173 745 3237; x_wconf 84' lang='lat' dir='ltr'><em>dolorem,</em></span> <span class='ocrx_word' id='word_1_371' title='bbox 774 3170 881 3223; x_wconf 82' lang='lat' dir='ltr'><em>fletum·</em></span> <span class='ocrx_word' id='word_1_372' title='bbox 899 3170 1020 3239; x_wconf 60' lang='lat' dir='ltr'><em>rapient,</em></span> 
     </span>
     <span class='ocr_line' id='line_1_46' title="bbox 49 3236 1022 3320; baseline -0.009 -25"><span class='ocrx_word' id='word_1_373' title='bbox 49 3242 124 3295; x_wconf 82' lang='lat' dir='ltr'><em>&#39;Iam</em></span> <span class='ocrx_word' id='word_1_374' title='bbox 142 3250 237 3293; x_wconf 88' lang='lat' dir='ltr'><em>autem</em></span> <span class='ocrx_word' id='word_1_375' title='bbox 258 3242 332 3291; x_wconf 84' lang='lat' dir='ltr'><em>Puro</em></span> <span class='ocrx_word' id='word_1_376' title='bbox 349 3242 469 3320; x_wconf 82' lang='lat' dir='ltr'><em>perinde</em></span> <span class='ocrx_word' id='word_1_377' title='bbox 486 3260 544 3294; x_wconf 80' lang='lat' dir='ltr'><em>esse</em></span> <span class='ocrx_word' id='word_1_378' title='bbox 561 3259 594 3293; x_wconf 88' lang='lat' dir='ltr'><em>ac</em></span> <span class='ocrx_word' id='word_1_379' title='bbox 615 3242 725 3305; x_wconf 83' lang='lat' dir='ltr'><em>civilia,</em></span> <span class='ocrx_word' id='word_1_380' title='bbox 745 3238 910 3311; x_wconf 84' lang='lat' dir='ltr'><em>popularia,</em></span> <span class='ocrx_word' id='word_1_381' title='bbox 930 3236 1022 3306; x_wconf 89' lang='lat' dir='ltr'><em>quoti·</em></span> 
     </span>
     <span class='ocr_line' id='line_1_47' title="bbox 60 3308 1022 3380; baseline -0.006 -17"><span class='ocrx_word' id='word_1_382' title='bbox 60 3312 166 3375; x_wconf 83' lang='lat' dir='ltr'><em>diana,</em></span> <span class='ocrx_word' id='word_1_383' title='bbox 198 3309 277 3361; x_wconf 90' lang='lat' dir='ltr'><em>locus</em></span> <span class='ocrx_word' id='word_1_384' title='bbox 302 3309 421 3376; x_wconf 75' lang='lat' dir='ltr'><em>insignis</em></span> <span class='ocrx_word' id='word_1_385' title='bbox 443 3310 519 3380; x_wconf 82' lang='lat' dir='ltr'><em>epud</em></span> <span class='ocrx_word' id='word_1_386' title='bbox 537 3312 670 3362; x_wconf 84' lang='lat' dir='ltr'><em>Nostrum</em></span> <span class='ocrx_word' id='word_1_387' title='bbox 693 3310 749 3361; x_wconf 87' lang='lat' dir='ltr'><em>tibi</em></span> <span class='ocrx_word' id='word_1_388' title='bbox 761 3308 908 3373; x_wconf 77' lang='lat' dir='ltr'><em>ostendet,</em></span> <span class='ocrx_word' id='word_1_389' title='bbox 936 3321 1022 3375; x_wconf 82' lang='lat' dir='ltr'><em>quem</em></span> 
     </span>
     <span class='ocr_line' id='line_1_48' title="bbox 59 3375 1018 3447; baseline -0.008 -15"><span class='ocrx_word' id='word_1_390' title='bbox 59 3379 158 3432; x_wconf 86' lang='lat' dir='ltr'><em>nescio</em></span> <span class='ocrx_word' id='word_1_391' title='bbox 176 3394 213 3429; x_wconf 86' lang='lat' dir='ltr'><em>sn</em></span> <span class='ocrx_word' id='word_1_392' title='bbox 231 3377 307 3430; x_wconf 82' lang='lat' dir='ltr'><em>ullus</em></span> <span class='ocrx_word' id='word_1_393' title='bbox 326 3378 518 3447; x_wconf 83' lang='lat' dir='ltr'><em>interpretum</em></span> <span class='ocrx_word' id='word_1_394' title='bbox 536 3389 613 3432; x_wconf 88' lang='lat' dir='ltr'><em>recto</em></span> <span class='ocrx_word' id='word_1_395' title='bbox 637 3386 777 3431; x_wconf 73' lang='lat' dir='ltr'><em>assecutus</em></span> <span class='ocrx_word' id='word_1_396' title='bbox 800 3378 854 3444; x_wconf 84' lang='lat' dir='ltr'><em>sit,</em></span> <span class='ocrx_word' id='word_1_397' title='bbox 881 3375 973 3427; x_wconf 84' lang='lat' dir='ltr'><em>Serm.</em></span> <span class='ocrx_word' id='word_1_398' title='bbox 996 3375 1018 3441; x_wconf 92' lang='lat' dir='ltr'><em>l,</em></span> 
     </span>
     <span class='ocr_line' id='line_1_49' title="bbox 59 3444 635 3517; baseline 0 -20"><span class='ocrx_word' id='word_1_399' title='bbox 59 3464 86 3515; x_wconf 75' lang='lat'>4</span> <span class='ocrx_word' id='word_1_400' title='bbox 105 3460 149 3517; x_wconf 74' lang='lat'><em>54.</em></span> <span class='ocrx_word' id='word_1_401' title='bbox 166 3446 218 3502; x_wconf 88' lang='lat' dir='ltr'><em>ubi</em></span> <span class='ocrx_word' id='word_1_402' title='bbox 236 3446 270 3497; x_wconf 91' lang='lat' dir='ltr'><em>do</em></span> <span class='ocrx_word' id='word_1_403' title='bbox 288 3444 354 3497; x_wconf 87' lang='lat' dir='ltr'><em>stilo</em></span> <span class='ocrx_word' id='word_1_404' title='bbox 374 3447 548 3500; x_wconf 76' lang='lat' dir='ltr'><em>comoediae</em></span> <span class='ocrx_word' id='word_1_405' title='bbox 567 3448 635 3515; x_wconf 81' lang='lat' dir='ltr'><em>egit,</em></span> 
     </span>
    </p>

    <p class='ocr_par' dir='ltr' id='par_1_21' title="bbox 283 3516 674 3585">
     <span class='ocr_line' id='line_1_50' title="bbox 283 3516 674 3585; baseline 0.008 -21"><span class='ocrx_word' id='word_1_406' title='bbox 283 3516 412 3583; x_wconf 79' lang='lat' dir='ltr'><em>numquid</em></span> <span class='ocrx_word' id='word_1_407' title='bbox 422 3517 594 3585; x_wconf 71' lang='lat' dir='ltr'><em>Pomponius</em></span> <span class='ocrx_word' id='word_1_408' title='bbox 614 3516 674 3567; x_wconf 83' lang='lat' dir='ltr'><em>istis</em></span> 
     </span>
    </p>
   </div>
   <div class='ocr_carea' id='block_1_4' title="bbox 0 0 1130 3990">
    <p class='ocr_par' dir='ltr' id='par_1_22' title="bbox 0 0 1130 3990">
     <span class='ocr_line' id='line_1_51' title="bbox 0 0 1130 3990; baseline 0 1"><span class='ocrx_word' id='word_1_409' title='bbox 0 0 1130 3990; x_wconf 95' lang='lat' dir='ltr'><em> </em></span> 
     </span>
    </p>
   </div>
  </div>
 </body>
</html>
