2250 3990
396 170 431 231 a.
468 164 647 217 iro-narrt
666 164 825 242 raucae,

259 264 319 339 li.
365 283 729 339 marmaricae
759 246 933 333 rannus.

140 368 193 437 ag.
212 359 378 427 inutilesque
389 356 468 425 falce
486 355 586 425 ramos]
611 356 726 407 Primus
744 352 881 424 omnium
898 349 950 405 vir
967 344 1079 409 doctiu-

115 448 182 491 mus
199 430 341 497 Georgius
360 425 507 477 Fabricius
524 441 600 477 anno
619 420 763 491 MDLXX,
785 428 815 473 et
831 427 935 491 postea
953 419 1086 482 Hennae

117 503 280 573 Stephanus
298 495 422 564 aliique,
451 494 557 547 horum
581 508 717 549 ramirum
738 490 876 545 ordiam
900 487 1088 571 inum}

117 575 152 629 in
170 562 249 625 liu'nc
268 566 402 619 modum:
800 560 812 584 “’

149 688 153 703 ,
187 642 264 711 Ergo
283 646 330 685 aut
350 632 445 683 adulta
461 630 559 683 uitium
575 628 726 699 propagine

224 704 301 759 ¹Altus
318 694 429 754 maritat
445 698 574 769 populos}

120 788 125 824 ¹.
189 774 358 839 ,inutilesque
370 768 450 836 falec
467 784 557 829 ramae¹
573 778 732 837 amputant,¹

226 842 372 895 Feliciores
387 837 501 889 inserit:

191 913 247 966 rlut
262 910 293 960 in
310 908 419 961 reducta
437 906 511 955 ualle
528 904 707 971 mugientium

227 976 386 1045 Prospectat
405 984 524 1025 errantes
540 980 646 1041 gregis.
1063 1021 1076 1038 ,Ι

120 1046 217 1123 lique
239 1063 272 1099 ex
297 1044 357 1097 sola
381 1043 548 1094 coniectura
572 1050 672 1093 contra
691 1036 824 1093 omnium
843 1030 990 1093 codicillis
1001 1044 1085 1095 attuli¹

122 1123 254 1175 ritatem:
274 1114 431 1177 nimirum,
450 1128 487 1161 ne
505 1111 561 1161 duo
579 1109 701 1162 disticha
719 1106 989 1168 illamentatum
1007 1107 1084 1175 aaa,

123 1190 250 1243 alterum
268 1183 303 1233 de
319 1178 512 1247 maritatione,
533 1180 658 1231 alterum
675 1178 711 1229 da
730 1176 883 1245 putatione
903 1186 936 1231 et
952 1178 1084 1243 insitione,

124 1261 302 1326 separentur,
324 1259 355 1299 ut
374 1247 460 1317 vulgo
479 1248 521 1313 fit,
540 1263 574 1301 ac
594 1246 777 1315 divellantur,
798 1244 1017 1303 internitente
1032 1244 1085 1317 illo,

195 1324 247 1373 Aut
267 1321 296 1368 in
315 1317 425 1366 reducta
440 1316 515 1366 valle
536 1318 713 1383 mugientium

230 1389 387 1453 Prospectat
405 1398 525 1435 errantes
541 1400 647 1451 greges.
1037 1440 1040 1447 ,

126 1458 213 1533 Quod
237 1464 335 1507 utrum
358 1449 547 1525 sociantque
575 1452 677 1506 ordine
694 1450 730 1505 ab
748 1448 787 1505 iia
805 1449 920 1509 iactum
940 1453 980 1509 sit
997 1466 1085 1519 aetna

125 1546 185 1584 non
205 1524 328 1578 cuiusvis
354 1532 397 1575 est
414 1522 583 1575 diiudicare.
620 1522 703 1574 Posse
721 1521 839 1589 quidem
855 1524 1005 1590 eiusmodi
1021 1536 1088 1575 erro·

126 1614 172 1651 res
190 1594 399 1663 exscriptorum
416 1590 546 1645 socordia
564 1592 667 1643 furtim
682 1590 821 1661 irrepere,
841 1600 873 1643 et
889 1594 1102 1661 nonnunqum·

126 1684 162 1719 ra
178 1660 241 1734 ipsa
257 1662 422 1731 irrepsisse,
446 1658 532 1712 nemo
552 1658 741 1724 dubitaverit,
760 1656 819 1711 nisi
835 1662 889 1729 qui
906 1662 940 1713 in
957 1660 1088 1719 veterilm

126 1731 304 1789 membranis
322 1734 423 1797 hospes
439 1728 485 1780 ait.
529 1729 669 1797 Equidem
687 1734 785 1794 sanctu
801 1724 906 1779 testari
921 1744 1036 1799 possm
1051 1733 1089 1791 uit

127 1803 244 1857 nullum
263 1798 377 1851 Horatii
395 1798 526 1849 codicem
543 1797 708 1868 cessavisse,
730 1793 782 1865 qui
799 1811 858 1849 nou
878 1796 992 1862 alieubi
1011 1806 1089 1847 naam
1124 1819 1125 1828 κ

128 1872 176 1925 vel
194 1870 319 1921 alterum
335 1881 448 1917 versum
469 1866 505 1916 de
524 1866 589 1917 sede
604 1870 660 1916 'sua
678 1863 841 1931 luxaverit,
864 1882 901 1917 ex
918 1865 988 1919 aliis
1005 1873 1089 1917 tamen

129 1939 218 1993 lacile
237 1933 437 1999 corrigendus,
468 1944 497 1984 et
520 1935 691 2002 plerumque
714 1948 732 1982 a
750 1948 840 1983 manu
858 1934 990 1987 secunda
1006 1934 1037 1985 ia
1052 1944 1090 1985 at·

130 2010 232 2059 dinem
247 2004 389 2053 reductus.
414 2001 609 2053 Nihilominus
626 2000 702 2053 haud
719 2006 830 2053 temere
847 2011 954 2055 contra
972 2000 1090 2055 omnium

131 2075 264 2127 codicum
283 2070 370 2120 fidem
394 2085 528 2119 versuum
545 2070 648 2121 seriem
672 2069 872 2121 invertendum
899 2088 974 2138 esse,
1010 2078 1093 2139 nequo

132 2144 206 2194 citra
221 2138 354 2189 ultimam
367 2138 571 2203 necessitatem,
594 2155 691 2189 omnes
706 2136 812 2189 cordati
828 2156 947 2209 semper
961 2138 1093 2191 existima·

131 2218 209 2263 runt.
242 2205 393 2257 Videamus
412 2205 509 2272 igitur,
532 2206 601 2274 quid
621 2206 653 2256 in
670 2213 787 2273 recepta
804 2204 933 2259 lectione
952 2216 1093 2277 tantopere

134 2274 311 2345 culpandum
329 2274 379 2336 sit,
403 2284 434 2323 et
452 2274 520 2342 quid
538 2275 655 2325 tandem
675 2274 807 2325 utilitatis
825 2284 962 2344 apportet
978 2278 1033 2328 ista
1048 2277 1094 2327 im·

952 954 957 987 l

46 2407 49 2413 ι
132 2344 263 2398 mutatio.
281 2343 346 2392 Post
361 2358 464 2409 versus,
480 2342 624 2411 inquiunt,
639 2343 673 2413 de
688 2342 871 2395 maritatione
882 2345 953 2397 vitis
967 2344 1095 2398 contiuuo

134 2414 216 2483 sequi
234 2411 338 2463 debent
357 2410 440 2461 alteri
465 2411 500 2461 «ie
525 2411 675 2477 insitione,
708 2420 826 2479 propter
850 2412 1019 2482 argumenti
1039 2424 1096 2481 cog·

133 2486 293 2538 nationem.
321 2480 410 2530 Recte
430 2480 554 2548 quidem,
577 2482 601 2531 si
619 2478 721 2532 eodem
738 2488 869 2549 ternpore
887 2481 937 2533 vel
954 2490 1097 2535 contraea-

134 2563 179 2606 ler
197 2561 351 2618 utrumque
369 2564 439 2618 opus
458 2566 510 2617 per
528 2550 649 2600 rusticos
668 2548 758 2598 fieret.
795 2549 881 2617 Atqui
908 2552 1046 2600 maritario
1069 2548 1098 2599 fit

134 2638 232 2675 mense
252 2616 383 2683 Octobri,
402 2618 505 2685 putatio
523 2626 552 2668 et
568 2618 660 2667 insitio
678 2630 776 2667 mense
793 2614 914 2669 Ii'lartio.
940 2615 1098 2670 Columella

134 2690 187 2742 lib.
206 2690 253 2753 XI,
276 2702 301 2741 2.
338 2687 391 2735 Per
408 2685 457 2735 tos
474 2687 532 2736 dies
549 2690 657 2748 (mense
676 2684 809 2743 Octobri)
828 2686 896 2735 ulmi
912 2686 1018 2737 vitibus
1036 2698 1099 2737 recte

134 2758 322 2821 maritantur,
343 2756 468 2822 ipsaeque
487 2757 516 2804 in
535 2755 650 2803 arbustis
668 2770 699 2802 ac
717 2754 804 2803 uineis
821 2766 891 2803 recte
909 2768 1099 2823 propagantur.

136 2829 174 2879 Et
190 2826 314 2876 ibidem:
348 2823 448 2873 lusitio
475 2840 577 2890 quoque
595 2820 720 2871 ariorum
737 2833 814 2892 atque
832 2824 931 2873 uitium
953 2822 1051 2889 tepidis
1065 2822 1101 2871 lo·

137 2898 177 2947 cis
194 2893 243 2943 lroc
269 2906 385 2957 ternpore
410 2900 517 2954 (menae
536 2890 702 2953 Februario)
730 2890 864 2942 commode
889 2893 1101 2943 administratur.

138 2964 174 3015 Et
193 2960 292 3031 paullo
311 2968 391 3027 post:
421 2962 511 3026 igitur
536 2978 552 3007 a
571 2960 697 3009 Calendis
714 2958 814 3008 lllnrtii
833 2960 935 3010 eximia
954 2972 994 3011 est
1013 2962 1102 3011 uitium

139 3029 250 3102 putatio
268 3044 349 3095 usque
366 3030 396 3077 in
415 3028 546 3078 decimum
564 3028 744 3077 Calendarum
760 3028 893 3092 Aprilium
900 3043 911 3089 ,⁶
930 3031 957 3079 si
973 3041 1063 3079 tamen
1077 3040 1103 3076 st

138 3115 259 3162 gemmae
284 3096 401 3145 nondum
425 3109 567 3146 inaurant:
595 3096 698 3145 surculi
722 3113 823 3162 quoque
847 3097 961 3152 silerttes
986 3096 1023 3147 ad
1040 3092 1103 3147 insi·

138 3169 248 3222 tionem
267 3180 336 3215 nunc
360 3167 501 3231 praecipue
526 3164 678 3231 utiliterque
702 3164 843 3228 leguntur;
871 3178 897 3218 et
921 3168 984 3233 ipsa
1008 3164 1103 3217 insilio

138 3236 235 3286 :titium
255 3244 332 3300 atquc
351 3233 474 3282 arborium
493 3234 571 3298 longe
589 3250 659 3282 nilne
678 3245 716 3281 est
735 3234 843 3298 optima.
887 3233 1004 3285 Similia
1022 3234 1103 3286 itabat

139 3305 215 3373 apud
236 3302 373 3352 Catorrem
400 3310 428 3350 et
452 3300 621 3363 Palladium.
666 3300 742 3368 Quid
762 3308 820 3352 tarn
838 3316 982 3367 maguum
999 3302 1101 3370 itaque,

139 3390 164 3427 st
181 3374 212 3422 in
231 3369 358 3420 carmine
376 3380 542 3438 separantur
561 3370 668 3420 duobus
687 3368 848 3434 versiculis,
875 3387 950 3439 quae
970 3372 1000 3421 iu
1021 3382 1103 3437 opere

141 3441 151 3494 i
173 3458 201 3493 so
220 3438 387 3495 dividuntur
407 3447 465 3489 toto
487 3440 613 3507 quinque
630 3439 772 3488 niensium
791 3439 968 3493 intervallo?
995 3438 1104 3491 Deinde

140 3460 214 3561 titud
233 3509 327 3576 ipsum
346 3507 420 3573 quod
439 3507 610 3571 intervenit,
632 3505 714 3574 quale
735 3506 921 3575 sanderum,
943 3508 1102 3561 videamur:

210 3578 263 3629 Aut
281 3577 311 3625 in
329 3575 439 3625 reducta
456 3576 529 3629 valle
547 3576 724 3642 mugientium
