2250 3990
241 156 441 200 cuuuuuuu
476 156 547 199 ata.
583 134 638 200 IV.
852 138 916 202 317

76 239 113 291 Et
138 238 174 290 ad
198 236 340 290 Marciam
364 254 388 287 c.
409 229 509 289 xxm.
557 237 635 287 Cum
648 237 752 287 uideres
776 236 917 290 rictorem

55 328 79 359 m
101 309 267 373 voluptatum
293 306 436 372 animum,
467 306 647 369 emendatum,
680 318 812 357 carentem
839 306 917 357 vitio.

55 377 104 428 :iua
122 380 240 427 severus
257 374 343 443 Epist.
370 374 424 425 Ill.
460 376 509 425 Est
527 386 616 423 tamen
633 374 744 425 animae
760 375 851 427 uictor
867 391 917 423 an-

55 466 73 510 e,
106 458 133 495 et
158 444 249 493 cedere
276 443 380 495 nescius
406 444 542 493 senectuti.
577 443 704 494 ,Boetius
732 442 852 495 Praelat.
883 442 917 493 iu

57 522 113 566 uet.
148 512 235 562 Attuli
252 529 307 561 non
322 514 424 577 ignaua
440 530 517 577 opum
535 510 668 576 pondera,
698 510 793 579 quibus·
809 512 843 560 aei
863 528 918 560 me-

61 579 130 631 niinl
148 582 244 647 uilius,
273 598 330 631 cunt
357 578 457 629 rasili
473 578 565 629 victor
582 580 694 649 aqimus
711 578 815 628 calcata
830 579 918 629 subie—
982 586 985 591 '

55 652 163 701 luimus
182 662 283 714 rector,
303 657 332 698 et
350 666 411 710 ree,
435 656 465 698 et
481 648 613 697 dominus.
647 647 753 698 Seneca
773 647 808 697 de
827 647 917 699 Bene-

58 720 80 787 l,
101 719 140 770 ιό.
166 718 270 783 Refert,
288 734 337 786 qno
354 716 402 767 ilie
418 724 514 767 rector
530 714 667 780 (animust
683 714 813 783 impellar,
830 732 847 763 a
866 732 921 782 quo

67 788 146 837 durur
162 786 248 836 rebus.
283 784 395 837 Ibidem
412 786 451 851 V,
477 800 518 849 ²5·
556 784 653 833 Paucis
669 782 781 835 animae
797 783 841 833 sui
857 798 918 834 rec·

54 858 156 905 nimus:
184 856 300 918 proximi
323 865 398 917 sunt,
427 854 474 920 qui
498 852 628 902 admoniti
650 853 685 901 in.
701 852 775 901 uiam
797 850 918 903 redeunt.

61 924 150 992 Epist.
172 922 267 973 cxlv.
303 920 363 971 Rex
385 934 474 972 noster
494 933 534 971 est
551 919 678 987 animus,
707 916 759 969 hac
781 920 919 983 incolumi,
992 953 995 971 .

69 1003 177 1040 manent
196 993 225 1041 in
244 987 345 1054 qfftcio.
374 989 458 1039 idem
476 988 539 1039 Nat.
559 989 672 1057 Quaest.
689 987 748 1051 vlt,
767 1003 809 1053 24.
845 986 920 1053 Quid

69 1062 106 1109 sit
123 1060 233 1110 animus
249 1058 310 1123 itte,
328 1066 424 1108 rector
440 1056 626 1125 dominusque
643 1057 742 1119 nostri,
761 1072 816 1105 non
831 1057 921 1121 magis

56 1129 167 1195 eisquam
184 1128 311 1194 expediet,
330 1144 409 1195 quatu
425 1125 471 1177 uti
486 1126 530 1175 sit.
563 1123 683 1175 Animae
698 1122 846 1175 liberator.¹
869 1124 923 1187 Li*

54 1198 66 1261 ',
85 1198 127 1263 56.
167 1197 202 1244 Ut
218 1195 266 1245 sub
288 1197 347 1245 eins
369 1192 477 1243 obte'ntu
501 1193 682 1258 cognominis,
710 1190 849 1243 liberator
870 1192 928 1242 iile'

54 1267 55 1275 ’
73 1264 150 1314 Rom.
168 1263 280 1330 animae
301 1262 411 1328 (lunius
428 1262 541 1325 Brutus)
568 1262 654 1311 lateus
671 1260 837 1328 opperiretur
853 1272 920 1311 tem-

54 1350 105 1382 suu.
145 1333 265 1384 Animus
289 1334 457 1394 aestimator,
484 1330 645 1395 deprecator.
681 1330 787 1380 Seneca
812 1327 854 1379 da.
870 1330 920 1381 Ira

55 1438 61 1449 .
97 1401 131 1449 At
147 1401 194 1449 ilie
211 1402 307 1466 ingens
324 1400 436 1451 animus
454 1409 480 1447 et
496 1414 576 1446 cerus
594 1398 757 1449 aestimator
775 1398 832 1460 sui,
861 1414 918 1447 non

57 1480 85 1517 at
103 1470 239 1531 iniuriam,
260 1470 323 1535 quia
340 1484 394 1515 non
410 1467 499 1515 sentit.
527 1463 638 1514 Ibidem
654 1472 697 1522 28.
730 1466 922 1533 Ubiqueenim

53 1553 76 1583 te
93 1537 194 1584 irarum
216 1548 370 1600 supersunt,
398 1534 452 1582 uisi
473 1528 642 1599 deprecator
664 1534 776 1583 animur
800 1534 921 1583 accessit.

54 1620 85 1652 ua
103 1604 303 1669 contemplator,
321 1601 482 1662 admirator,
501 1612 647 1666 corruptor.
681 1600 787 1651 Seneca
806 1598 922 1658 Consul,

53 1670 151 1720 alviam
169 1684 192 1718 c.
212 1670 289 1719 Vlll.
334 1668 453 1718 Animae
479 1665 686 1734 contemplator
710 1666 924 1735 admiratorque

53 1742 68 1800 i,
86 1755 149 1802 pars
168 1738 226 1786 eittr
242 1736 518 1802 magnificentissima.
553 1733 669 1785 Tacitus
686 1734 787 1787 Annal.
805 1734 858 1799 Ill,
877 1749 921 1804 54.

55 1818 115 1871 ptus
139 1806 265 1855 simulet
287 1811 450 1873 corruptor,
488 1820 567 1869 aeger
592 1821 624 1852 ac
644 1802 775 1869 flagrans
800 1804 922 1853 animus.

55 1888 85 1923 ua
111 1872 244 1939 carnifex,
272 1862 442 1939 proscriptor.
488 1870 600 1923 Plinius
617 1869 688 1922 lliat.
706 1870 778 1923 Nan·
797 1870 862 1937 Vll,
895 1884 922 1937 7.

54 1942 173 2006 rincipiis
188 1954 334 1991 nascuntur
350 1940 473 2007 tyranni,
502 1938 547 1989 tu's
564 1939 693 1991 carnifex
708 1938 829 1991 animur.
864 1937 924 1991 Ibi·
941 1979 951 1991 ι

53 2025 91 2062 12.
129 2009 164 2058 Ut
190 2010 238 2059 ille
263 2010 437 2079 proscriptor
454 2007 579 2075 animas,
608 2008 684 2059 motio
710 2020 736 2057 et
757 2006 924 2057 contumelia

53 2096 58 2105 ·
82 2077 134 2139 (Μ.
159 2078 312 2141 Antonius)
336 2094 390 2127 non
407 2076 483 2125 aliud
505 2077 536 2126 in
559 2082 638 2127 ceniu
655 2076 741 2143 magis
764 2092 797 2125 er
805 2072 924 2140 fortuna

53 2157 144 2196 uteret.
173 2146 290 2198 Animus
308 2146 420 2195 adulter.
450 2144 576 2196 Alcimus
592 2144 699 2211 Avitus,
720 2142 757 2195 ut
773 2144 922 2195 Sororem:

315 2233 364 2265 nec
382 2227 483 2263 tustani
500 2213 587 2262 dicere
605 2230 711 2263 carnem

53 2301 96 2333 ure
110 2295 202 2349 potest,
220 2283 332 2333 animus
350 2284 466 2350 quernei
483 2295 633 2345 corrumpat
649 2279 770 2331 adulter.

54 2368 84 2402 us
101 2353 260 2416 speculator,
279 2369 385 2403 censor:
404 2350 510 2400 Seneca
530 2350 564 2400 (le
582 2351 629 2401 lrtt
649 2349 701 2412 ΙΙΙ,
713 2348 761 2415 36.
792 2346 859 2396 Cum
875 2356 922 2397 atti

52 2432 92 2468 tus
110 2432 149 2468 est
168 2420 295 2484 animus,
321 2432 367 2468 ant
385 2420 550 2480 atirnonitus,
577 2430 602 2466 et
619 2416 780 2485 speculator
796 2416 840 2467 sui
856 2429 923 2464 ceu·

53 2504 68 2538 e
85 2500 199 2536 secretus
219 2489 354 2553 cognoscit
372 2488 404 2535 de
422 2486 540 2534 morietur
556 2486 622 2534 suia
656 2483 804 2535 Salvianus
821 2489 923 2537 contra

54 2555 122 2606 tiam
141 2555 190 2604 lib.
211 2556 232 2604 1.
271 2555 320 2604 Sed
330 2555 477 2619 ¹fatiscente
494 2555 549 2603 inru
572 2570 694 2618 corpore,
725 2551 771 2610 ulti
793 2548 923 2599 exercebit

52 2625 141 2673 :tionis
154 2622 276 2689 officium
293 2639 393 2674 censor
413 2621 542 2673 animus?
579 2623 669 2688 Atque
686 2619 744 2686 his,
778 2626 810 2667 ut
833 2618 921 2682 videa,

52 2708 73 2757 ι,
95 2708 147 2740 ceu
167 2706 316 2759 personam
333 2692 490 2759 quandam,
511 2689 629 2737 animum
645 2688 809 2756 signarunt,
836 2688 942 2749 etiam,

52 2761 151 2809 ¹atione
177 2759 281 2811 soluta:
335 2759 488 2810 uantillum
512 2766 607 2807 autem
631 2754 661 2805 hi
688 2754 791 2805 distant
813 2754 849 2804 ab
872 2749 924 2805 iilo

52 2828 98 2878 :iit
133 2827 162 2877 Si
181 2828 293 2879 animus
311 2778 487 2895 irascemur,
506 2824 643 2890 Carnifex,
665 2825 764 2874 Censor
779 2830 857 2873 recte
874 2839 924 2890 ap-

51 2912 109 2958 :ur3
128 2895 230 2965 quidni
247 2903 275 2945 et
293 2894 414 2945 Consul?
432 2892 524 2945 Credo
543 2892 683 2963 equidem,
702 2892 728 2943 ti
743 2889 814 2946 haec
831 2906 925 2941 exem·

53 2964 69 3013 d
89 2979 205 3012 manum
224 2963 387 3015 habuissent
404 2962 560 3014 doctissimi
579 2976 657 3011 nocer
674 2974 832 3028 generque,
860 2974 925 3025 par·

52 3031 145 3099 paullo
169 3039 197 3079 et
221 3032 409 3083 verecundius
427 3040 538 3081 acturos
557 3030 651 3079 laissa.
685 3028 758 3079 Nam
784 3024 861 3095 quod
878 3042 925 3075 ex·

52 3109 107 3166 int,
140 3097 213 3164 Quid
234 3100 340 3148 tandem
358 3101 428 3150 iilud
451 3110 505 3159 cst,
534 3099 644 3147 Animus
666 3104 732 3147 tuut
748 3094 850 3146 reiecit
868 3094 923 3143 aito

61 3169 135 3218 dona
154 3168 341 3219 nocentium?
369 3184 436 3218 saite
458 3162 541 3217 nihil·
558 3173 612 3232 eat,
640 3172 671 3215 ut
693 3164 734 3216 ait
757 3162 823 3227 illo,
874 3162 926 3213 uin

69 3235 212 3286 enarrando
240 3236 328 3304 possit
354 3234 512 3305 depravari.
558 3232 703 3286 Omittunt
730 3231 809 3293 euim
840 3180 923 3295 iilud,

64 3304 235 3371 interposuit
254 3302 402 3370 Horatius,
430 3320 486 3373 quo
505 3301 624 3354 durities
639 3300 724 3353 huius
742 3300 926 3368 metaphorae

53 3382 101 3422 tur
118 3381 147 3423 ct
163 3380 348 3441 temperatur.
385 3374 511 3441 Quoties,
537 3369 591 3439 ait,
618 3372 724 3421 animus
742 3382 816 3432 tuus,
842 3366 925 3417 ianus

64 3439 138 3504 ji'eius
156 3440 255 3507 iudex,
289 3440 343 3491 ulto
366 3441 445 3492 onitu
467 3442 559 3491 reiecit
582 3440 652 3490 dona
668 3438 826 3489 nocentium.
862 3422 926 3485 lam

51 3525 66 3559 n
84 3507 159 3560 illud
177 3509 266 3573 outnt,
294 3524 356 3567 uon
373 3509 409 3563 at
426 3512 530 3563 antinus
546 3508 691 3578 proximu
725 3506 774 3560 red
791 3503 827 3559 ad
843 3502 924 3555 iudea
