2228 3900
72 132 136 205 15¹4
360 158 391 212 o.
424 142 584 197 nonius
617 155 749 197 nuncet

72 240 194 293 Tartara
211 237 367 308 accipiunt,
386 236 438 288 ubi
454 234 586 287 scelerati
603 234 899 304 poenit'exercentur.
932 238 1019 311 Perpe

72 328 136 362 ram
156 310 294 379 profecto,
313 305 407 375 siquid
424 305 473 356 hic
492 306 602 375 indico.
631 308 697 359 Non
714 308 793 359 enim
810 309 846 360 de
863 308 970 379 poenis,
987 306 1019 362 sti

75 381 219 432 demone
239 378 374 427 duntaxat
392 373 570 443 hicagitu13
597 382 677 427 utet
698 374 770 427 haec
793 376 855 446 ipsa
877 378 978 445 verba,
1003 386 1019 431 d

74 447 223 516 ceqrrentia
239 460 352 514 quoque
374 441 459 495 clare·
469 441 629 495 ostendunt.
665 446 744 504 Dum
763 453 795 496 tu
813 445 905 514 diues,
931 446 1019 567 inpuit

73 516 217 587 proximos
243 528 368 583 quosque
392 528 475 581 agros
499 512 656 565 coe‘mendo
680 521 763 565 tuum
788 514 860 565 undi
880 531 916 567 ue
935 514 965 568 di
976 524 1019 571 atu

75 594 105 636 et
121 581 263 638 extendis3
292 580 410 633 eiicitur
434 596 469 631 cx
493 589 611 648 paterno
636 582 697 634 lare
720 598 831 653 pauper
855 533 945 637 iiiem
968 596 1019 637 cut

74 670 162 706 uxore
180 662 208 701 ct
225 650 332 701 liberis.
373 649 440 701 Esto
465 660 570 703 autem.
612 650 747 702 Diruitur
769 668 833 703 casa
855 650 1019 723 pauperculi¹

75 739 112 773 ne
132 719 286 771 latifundia
303 727 351 769 tua
371 716 550 771 dehonestet:
583 720 592 767 i
615 736 643 769 se
660 719 743 790 inope
760 729 894 789 vagatur,
923 730 952 773 et
966 718 1019 773 lari

74 788 189 841 incerti.
226 786 303 857 Quid
320 792 383 838 tum
400 788 516 855 postea?
540 738 623 839 nulii
639 788 705 839 aula
721 786 857 841 Plutonid
872 788 958 841 domo
974 788 1019 842 riri

74 856 227 929 sepulchro
245 856 352 906 certior
369 854 542 924 locupletem
562 856 711 908 dominum
730 865 843 924 manet,
870 860 976 928 pariter
994 870 1019 909 at

73 926 217 979 humilem
233 924 378 976 clientem.
416 924 494 993 Quid
511 923 610 977 enim?
646 928 737 995 Aequa
759 926 840 977 tellau
860 928 1019 995 pauperire

75 996 205 1057 cluditur,
240 994 396 1061 Regrrmpuc
419 995 519 1059 pueris.
568 993 675 1045 Eadem
700 1010 768 1045 mox
793 1002 909 1049 aeterua
933 996 1019 1047 domu

74 1071 228 1131 utrumque
246 1060 400 1127 coircebit,
432 1069 461 1111 et
479 1070 523 1127 te,
542 1062 593 1131 qui
610 1080 697 1114 novae
713 1062 768 1113 tibi
787 1064 885 1115 domos
901 1059 1019 1133 exstruis,

75 1144 105 1184 et
122 1130 218 1196 illum,
245 1128 293 1179 cni
311 1129 428 1198 antiquo
447 1129 508 1181 lare
532 1130 679 1182 excedenti
698 1130 780 1182 nulla
803 1147 841 1182 ne
859 1128 1019 1186 conductili!

93 1200 191 1252 uidem
208 1197 307 1250 domus
322 1206 457 1266 superest.
491 1198 582 1263 Vides,
604 1200 716 1267 opinor,
735 1216 793 1251 non
810 1216 889 1269 possa
907 1198 955 1251 tric
971 1197 1019 1253 ἐπ’

73 1220 194 1321 iartara
211 1266 353 1333 intelligi,
383 1266 439 1317 nisi
459 1283 600 1319 unacum
619 1268 708 1321 divite
727 1277 756 1319 et
779 1284 932 1339 pauperem
946 1266 1019 1326 illua

74 1336 213 1389 clientem
230 1352 264 1386 eo
283 1334 353 1386 velis
369 1334 531 1391 detrudere.
567 1336 644 1405 Quid
664 1336 738 1407 quod
750 1337 852 1389 Nostro
870 1336 946 1389 hand
963 1336 1019 1388 σοι’

73 1404 166 1471 venit,
187 1404 329 1471 Epicureo
347 1404 529 1472 praesertim,
558 1412 617 1455 tam
644 1404 783 1457 iracunde
804 1414 836 1457 et
852 1406 1019 1459 vehementr!

72 1474 105 1525 in
124 1488 278 1523 commune
296 1470 492 1541 locupletibus
505 1473 609 1524 vitium
632 1473 780 1531 intonaret
808 1482 842 1525 ut
864 1474 915 1545 qui
936 1471 1019 1544 cirin

73 1539 191 1611 praedio
208 1542 266 1592 suis
282 1542 383 1609 iungat
400 1548 429 1593 et
447 1541 603 1607 continuet,
621 1541 650 1592 ci
668 1559 735 1595 cum
752 1541 898 1595 Ixionibut
914 1550 942 1595 ct
957 1542 1016 1610 iius·

72 1610 137 1679 plria
156 1616 288 1660 aeternae
310 1626 418 1665 nocuae
436 1610 557 1661 luendae
575 1612 640 1660 aiut
678 1610 774 1679 Quare
796 1608 878 1677 aliud
901 1608 967 1681 quid
980 1624 1016 1678 aa}

73 1676 245 1747 cogitemus,
276 1678 298 1729 si
312 1674 396 1731 'forte
424 1679 460 1729 ab
482 1678 614 1731 omnihus
636 1678 696 1729 iere
716 1678 856 1731 Librariis
879 1684 1015 1749 propagata

73 1746 161 1799 lectio
182 1746 297 1798 defendi
316 1756 344 1798 et
361 1745 499 1815 explicari
522 1748 618 1815 possit.
662 1747 717 1799 Ubi
736 1746 811 1798 illud
832 1744 1017 1819 primumuit

72 1814 297 1885 inquirendum.
316 1815 387 1885 quid
410 1816 477 1866 Fine
494 1816 549 1867 sibi
567 1815 645 1885 velit,
667 1814 737 1883 quid
755 1817 908 1869 Destinata.
940 1812 1015 1867 Drsti-

71 1902 152 1949 norr,
180 1894 294 1954 praeter
317 1883 493 1951 vulgatiores
515 1883 751 1953 significationes,
782 1884 871 1937 etiam
894 1884 926 1937 id
940 1890 1019 1951 nont.¹

73 1953 233 2005 describere
251 1950 372 2018 limites,
404 1949 553 2019 designare
579 1953 726 2006 terminos.
768 1952 886 2007 Curtius
906 1955 957 2020 IV,
980 1962 1017 2019 μ’

64 2021 141 2084 ¹Cum
165 2038 211 2069 res·
236 2020 310 2069 urbis
325 2019 439 2085 suturae
464 2038 553 2069 muros
575 2020 700 2087 polenta,
731 2034 760 2073 ut
778 2022 1014 2074 Macedonianum

72 2100 120 2151 est,
139 2087 311 2139 declinasset.
348 2086 480 2153 Vegetius
498 2088 535 2151 11,
558 2105 596 2139 ιο.
634 2092 702 2141 Erat
722 2092 803 2141 etiam
819 2092 967 2159 praefectus
980 2104 1019 2155 ra·¹

71 2168 188 2207 utrorum
207 2184 232 2193 ·-
257 2156 291 2203 od
311 2172 387 2221 quem
405 2168 552 2205 castrorum
568 2159 682 2223 positio,
711 2159 780 2209 valli
796 2160 928 2227 etsostac
944 2148 1015 2213 M·

72 2225 151 2275 natio
170 2224 327 2291 pertinebat.
363 2224 500 2293 Virgilius
517 2226 549 2276 in
568 2225 676 2291 Culice,
695 2224 754 2295 3'91.

142 2293 316 2358 Consormore
334 2292 422 2342 iocum
439 2294 509 2358 capit
528 2295 659 2361 impiger:
677 2294 748 2345 hunc
765 2306 792 2347 et
810 2298 841 2348 in
857 2298 946 2349 orbem
1013 2320 1017 2335 ¹

141 2361 279 2425 Destinat,
300 2378 332 2409 ac
341 2362 415 2426 ferri
433 2361 557 2427 capulum
576 2364 697 2430 repetivit
713 2367 743 2413 in
761 2382 845 2415 usum.

71 2428 160 2481 Plura
177 2430 242 2481 vide
262 2429 337 2498 apud
362 2430 605 2482 accuratissimum
632 2432 812 2485 Gronovium
835 2434 948 2487 Patrem
969 2428 1018 2485 ot·

71 2515 143 2550 serr.
166 2500 200 2563 11,
221 2509 246 2561 8.
285 2496 388 2549 Eodem
411 2514 494 2549 semu
516 2499 696 2569 frequentius
720 2500 855 2555 dicebant
871 2504 1016 2571 Deriguere·

70 2566 209 2634 Virgilius
227 2566 343 2619 Aerreid.
362 2569 394 2631 V,
430 2580 473 2633 55.

141 2638 249 2686 interea
267 2637 368 2687 Aeneas
386 2584 475 2685 urium
492 2633 621 2705 designat
639 2650 738 2689 aratro.

73 2710 101 2755 et
117 2704 181 2771 VII,
204 2718 260 2774 157.

223 2776 279 2838 ipse
297 2771 394 2823 humili
410 2769 540 2840 designat
557 2774 661 2822 moenia
671 2770 761 2837 fossa.

57 2836 170 2909 ,Livius
188 2840 258 2891 Hiet.
281 2841 302 2906 l,
325 2858 358 2893 ιο
405 2844 439 2890 In
457 2841 621 2907 Capitolium
641 2842 761 2891 escendit
779 2840 927 2904 Romulus,
950 2848 975 2891 rt
987 2834 1019 2887 ri·

72 2908 128 2957 mul
146 2926 205 2958 cum
224 2910 300 2959 domo
321 2910 479 2977 designavit
496 2910 593 2988 templo
616 2911 688 2959 Iovis
707 2910 792 2963 fines:
813 2910 866 2979 qui
883 2908 963 2961 locus
977 2922 1019 2959 no·

72 2982 132 3027 tatu
159 2976 354 3039 dignissimus:
388 2994 476 3047 neque
503 2994 581 3027 onim
610 2977 703 3047 potuit
732 2978 853 3045 dixisse,
887 2976 1019 3031 destinauit

64 3044 149 3110 flues.
183 3046 371 3097 Revertamur
388 3046 447 3098 iam
464 3046 500 3098 ud
512 3047 622 3097 Horatii
641 3047 734 3111 verba,
754 3050 786 3097 in
804 3046 909 3117 quihus
925 3044 1019 3099 elucet·

71 3130 152 3179 cere,
179 3113 210 3163 ni
231 3114 332 3175 tollor,
357 3116 464 3183 incipit
481 3125 509 3165 et
527 3116 683 3167 sententiae
700 3133 774 3167 nova
791 3115 900 3183 species
916 3124 946 3167 et
962 3128 1019 3167 coa·

70 3181 252 3233 strauitiouis:
282 3183 331 3233 ubi
354 3184 498 3234 Destinata
521 3200 588 3235 casu
613 3184 705 3250 patrio
730 3184 905 3254 accipietur,
942 3192 971 3235 et
992 3180 1019 3233 ad

71 3250 156 3314 Aula,
177 3268 236 3301 nou
257 3251 292 3301 ad
311 3252 379 3302 Fine
397 3254 546 3304 referetur.
583 3252 671 3313 Nulla
689 3254 801 3316 certior,
825 3253 880 3305 hoo
900 3259 957 3319 est,
976 3266 1019 3303 uon

70 3320 168 3369 certior
195 3318 271 3379 (vide
289 3319 419 3372 Servium
437 3322 473 3373 ad
491 3321 596 3388 Georg.
617 3321 645 3386 1,
666 3324 736 3387 125.)
760 3320 827 3373 aula
846 3330 944 3374 manet
960 3316 1019 3373 ‹tivi-

69 3393 129 3439 tem
147 3387 264 3451 herum,
293 3405 378 3450 tritam
403 3404 557 3458 pauperem
582 3375 727 3440 clientem.
767 3383 869 3457 Qualis'
892 3406 959 3443 vero
983 3384 1019 3439 vel

70 3466 176 3525 quauta
194 3455 245 3507 illa
263 3455 348 3508 aula?
375 3458 507 3508 destinato
518 3457 579 3521 sine
599 3454 679 3519 Orci,
697 3457 755 3510 sive
773 3459 921 3529 designata
938 3456 1019 3509 etde

68 3525 176 3597 scripta
194 3526 317 3577 termino
337 3526 425 3595 ipsius
443 3526 528 3590 Orci,
554 3541 643 3596 acque
659 3527 781 3596 spatiosa
797 3545 831 3580 ac
848 3528 911 3599 ipse
928 3527 1018 3581 oren
