2228 3900
14 2 410 14 ——u--—-——··
433 2 441 7 '¹

131 183 197 249 752
428 193 459 248 a.
495 191 656 237 nonam
692 194 833 243 enecet

202 277 283 349 Quod
300 276 411 344 delapsa
428 274 535 327 eadunt
552 275 691 329 foliorum
709 280 805 332 millia
823 279 919 338 silvis.

133 350 336 423 Quamobrem,
355 352 405 396 etit
422 342 506 397 valde
524 343 620 413 fallor,
641 354 691 397 aut
708 348 751 401 sie
771 347 856 403 dedit
873 352 1024 413 Horatius:

204 419 239 469 Ut
255 414 335 467 silvis
352 412 425 465 folia
440 430 539 479 pronos
556 422 693 465 mutentur
709 417 741 467 in
759 436 860 472 annos.

131 488 183 542 ubi
203 484 311 554 syllaba
328 482 424 533 brevia
440 489 627 549 sustentatur,
644 489 708 537 tum
725 485 874 541 caesum
893 492 1022 563 ratione,
1038 501 1082 547 tun

131 559 169 611 ob
188 555 270 609 hines
287 568 360 621 quae
376 557 533 619 sequuntur
550 556 751 607 consonantes:
782 556 887 625 quetis
905 562 1010 631 passim
1028 564 1081 635 apti

131 623 288 694 Virgilium
308 629 336 671 et
353 617 426 672 alios
444 629 608 671 occurrunt.
642 620 725 673 Hane
764 640 835 679 erro
861 624 1017 685 licentiam
1036 646 1079 685 eu

130 691 260 746 Librarii
288 688 383 740 datum
409 702 468 739 esse
495 687 653 756 nescirent;
683 691 734 759 qui
791 694 888 765 magia
913 700 947 749 in
972 699 1070 769 prof·

133 778 220 832 quam
238 768 270 811 ut
292 758 379 808 silvae
388 756 621 825 soliisofficiose
646 762 845 827 reponerent?
881 764 940 817 Sed
961 777 993 820 et
1016 700 1078 832 alid

133 831 253 900 opinor,
282 825 332 877 hic
350 823 487 876 mendum
506 823 589 891 latet,
618 823 649 876 in
669 826 766 880 lucem
785 830 847 885 iam
867 836 1079 903 protrahendus.

132 898 210 968 Quid
229 894 305 947 enim
326 894 414 946 estin
431 910 517 944 annus
533 892 652 957 pronos?
669 911 705 947 an
726 913 777 947 ter
799 906 900 969 entes,
921 902 1079 972 declinem

132 969 185 1019 suh
205 972 360 1017 auctumno
374 960 502 1029 seilicet;
522 969 553 1015 ul
571 978 658 1030 prone
674 964 749 1032 dies,
790 967 935 1039 eoedens,
953 974 1026 1045 apud
1039 974 1080 1028 its·

133 1036 208 1087 tium
225 1031 315 1083 Theb.
332 1030 369 1097 11,
392 1046 435 1094 4¹·
675 1073 680 1088 ,

202 1102 250 1153 Ast
268 1100 314 1149 ubi
334 1114 423 1168 prona
443 1095 518 1150 dien·
742 1141 748 1155 ,

133 1172 196 1224 Hoc
217 1167 333 1239 quidem
356 1165 507 1217 Dacierius
531 1164 636 1224 voluit:
663 1183 766 1221 verum
790 1167 875 1223 liettd
899 1174 1007 1243 patitur
1025 1176 1079 1230 hrt

133 1237 303 1292 seutentiam
330 1233 442 1292 indoles
472 1233 640 1290 locutionis:
677 1236 861 1307 ubicumque
891 1244 971 1296 enim
996 1244 1077 1311 dieunt,

133 1311 170 1359 In
186 1304 275 1371 horas,
294 1305 324 1354 in
340 1304 406 1368 dies,
424 1304 455 1353 in
472 1320 581 1371 menses,
601 1306 631 1355 in
648 1322 751 1366 onnos‚·
770 1313 850 1359 totos
869 1316 901 1361 et
917 1310 1033 1381 integret
1045 1328 1078 1365 at·

134 1374 256 1427 cessario
275 1371 426 1439 denotant,
447 1387 507 1423 non
524 1370 648 1442 aliquam
666 1390 770 1425 eorum
790 1383 921 1444 partem.
963 1382 1031 1451 Ergo
1043 1378 1077 1433 alii

135 1459 204 1495 cum
222 1444 333 1493 Acrone
351 1458 450 1506 pronos
469 1438 501 1490 in
519 1441 683 1493 uuiversum
701 1458 795 1494 annos
813 1446 982 1516 accipiunt,
1003 1448 1078 1501 eolali-

112 1506 175 1564 'les
193 1509 312 1575 scilicet,
332 1508 463 1572 declives,
482 1509 535 1579 cito
555 1509 682 1577 lubentes,
702 1524 729 1563 et
745 1511 908 1567 instabiles.
941 1518 985 1571 litt
998 1518 1077 1573 Sam

135 1579 311 1650 praecipitem
329 1594 429 1628 annum
446 1575 581 1647 appellat,
599 1578 684 1629 Herc.
703 1580 772 1632 Fur.
792 1597 821 1634 v.
841 1587 905 1642 ²80·

489 1660 613 1713 properat
630 1665 710 1700 cursu

208 1715 273 1766 Vita
290 1713 382 1777 citato,
398 1710 553 1783 volucrique
571 1714 613 1765 die

135 1810 139 1815 ·
205 1785 279 1834 Rota
296 1781 461 1851 praecipitis
478 1784 596 1833 volvitur
615 1786 694 1835 euni.

136 1852 222 1923 Atqui
241 1851 317 1919 apud
334 1853 471 1901 Senecam
487 1860 597 1903 morata
614 1852 706 1906 oratio
724 1863 784 1911 este
808 1859 865 1913 nbi
886 1862 963 1917 enim
977 1862 1007 1915 tle
1018 1859 1073 1915 eiu

136 1920 276 1973 brevitate
297 1919 460 1987 querimur,
491 1918 565 1971 belle
585 1936 652 1973 sene
672 1925 875 1996 praeeipitem
892 1948 991 1985 annam
1003 1938 1025 1981 st
1036 1945 1072 1982 nt·

136 1990 249 2040 luerem
267 1985 344 2038 diem
361 1988 536 2040 incusemus:
568 1996 597 2041 et
619 1989 690 2043 elias
713 1992 809 2049 iidem
830 2008 870 2052 ut
890 1997 1070 2054 lentinuus
1108 2017 1110 2059 ι

136 2064 281 2111 morantes
298 2054 493 2125 increpantur,
1108 2061 1110 2070 ·

204 2127 240 2175 Et
258 2126 377 2190 qtnrtsnr
394 2124 488 2175 tardos
505 2125 544 2175 ire
562 2124 657 2177 relicta
673 2126 743 2182 dies.

136 2192 223 2263 Atqui
240 2190 337 2243 nullus
354 2191 402 2242 hic
420 2192 496 2310 apud
505 2192 637 2245 Flaccum
654 2206 791 2262 moratae,
805 2206 939 2261 orationi
950 2206 1009 2261 lun
1020 2208 1068 2265 “ii

137 2272 166 2313 et
190 2260 320 2330 profecto
347 2276 413 2309 cum
450 2279 467 2310 η
488 2279 571 2312 annos
595 2262 681 2333 dicit,
709 2269 813 2339 inepte
831 2270 1070 2343 prorsusutrumtit

138 2328 303 2394 addidisset,
330 2344 379 2379 seu
398 2329 510 2394 celeres,
528 2331 586 2381 sive
604 2334 713 2385 tardes:
740 2354 841 2410 neque
861 2345 944 2399 enim
958 2346 1073 2417 quinquen

137 2400 170 2451 in
206 2394 296 2449 simili
328 2395 424 2464 phrasi
450 2406 594 2451 moratum
627 2401 778 2471 epitheton
813 2425 940 2483 usqum
966 2408 1074 2467 ,dim

137 2465 277 2538 Equidem
300 2463 341 2516 sic
361 2464 457 2516 locum
475 2467 605 2521 restituo:
921 2491 924 2498 -

106 2540 112 2549 “
209 2537 243 2586 Ut
260 2532 340 2585 silvis
357 2533 426 2584 folia
445 2535 538 2602 privos
556 2548 694 2591 mutantur
710 2541 742 2592 in
760 2562 862 2601 annes.
1104 2489 1110 2598 i

139 2603 253 2656 Amavit
277 2601 332 2653 ltoe
355 2599 526 2654 vocabulum
551 2603 668 2676 Noster,
700 2610 754 2679 qui
780 2625 811 2667 et
830 2616 906 2671 alibi
925 2620 1005 2673 pube,
1020 2617 1080 2686 mg„

138 2673 270 2734 triremis,
290 2679 318 2722 et
339 2669 458 2733 Turdus,
479 2673 536 2721 sive
555 2673 630 2723 alitcd
647 2677 765 2742 privum.
802 2686 921 2743 Festus:
940 2690 1026 2741 Priuer
1040 2685 1081 2750 μή·

139 2740 358 2818 uusqueantiq'ui
377 2737 498 2789 dicebant
516 2757 564 2806 pro
582 2742 713 2821 Singulis.
748 2749 873 2809 Gellius
892 2758 932 2823 X,
950 2772 992 2813 2⁰.
1025 2756 1082 2805 l'ett·

138 2826 180 2858 res
200 2809 280 2857 Prion
299 2809 430 2871 dixerunt,
449 2825 516 2875 quae
534 2825 584 2860 nes
603 2812 717 2878 Singula
736 2816 869 2876 dicimus.
908 2828 945 2879 Ut
961 2824 1034 2890 ielis,
1050 2822 1083 2873 iu·
1107 2840 1110 2882 ῑ

138 2876 216 2944 quit,
244 2888 381 2925 mutantur
403 2877 432 2925 in
448 2877 570 2955 singulus
589 2896 692 2942 ennos;
720 2883 763 2939 ite
783 2892 946 2950 verberum
963 2902 1035 2949 velut
1048 2904 1082 2943 D·
1107 2883 1110 2932 ἶ

138 2956 179 2996 tas
197 2945 305 3009 interit,
329 2960 404 2998 noua
422 2954 557 2996 exoritur.
592 2945 745 3005 Lueretius
766 2958 801 3025 V,
821 2973 885 3031 ²75·

205 3014 275 3064 Aira
292 3029 363 3061 nunc
380 3013 466 3078 igitur
483 3014 581 3079 dicam,
600 3019 646 3083 qni
665 3036 777 3089 corpure
797 3039 856 3079 tete

205 3081 442 3132 innumerabiliter
460 3083 553 3150 privas
571 3092 697 3138 mutetur
714 3089 747 3141 in
768 3094 866 3149 horat.

138 3147 215 3217 Quid
233 3149 348 3201 autem?
374 3165 471 3201 nonne
488 3150 603 3219 gemine
623 3153 710 3224 plene
729 3167 760 3209 et
778 3157 924 3231 gdrmana
940 3178 1016 3234 tunt,
1037 3161 1084 3218 Η·

136 3234 185 3266 cas
209 3230 326 3336 inputatur
349 3218 380 3267 in
404 3217 500 3286 horas,
528 3230 557 3273 et
575 3221 833 3284 Prisnsmutantur
854 3237 888 3288 in
913 3236 1016 3296 annes?
1042 3231 1083 3289 lb

136 3300 201 3335 rum
244 3326 251 3352 ,
272 3303 330 3354 752·
944 3297 949 3314 ⁸
1108 3305 1110 3316 '

204 3354 294 3421 Inque
314 3353 374 3405 dies
392 3356 489 3426 privos
508 3357 624 3411 aborisci
643 3378 766 3434 quaeque
785 3382 890 3425 creata.
1107 3417 1110 3438 ,

136 3421 270 3473 Ceterum
297 3437 387 3475 unum
413 3425 547 3498 idemque
566 3438 621 3496 est,
654 3440 763 3494 utrum,
777 3437 812 3491 in
832 3437 921 3494 liores
942 3441 1030 3513 privat
1045 3447 1081 3490 tu

136 3491 275 3617 spngules,
295 3508 349 3617 beu
370 3492 483 3549 breuius
509 3498 539 3554 in
563 3495 646 3553 lotas
669 3498 789 3573 diruis,
841 3508 949 3567 Nm
970 3509 1040 3570 inin
1055 3483 1110 3559 ‘1¹

166 3573 213 3616 rte
230 3582 261 3620 t.
278 3578 294 3616 t
314 3575 341 3615 u·
740 3613 757 3628 ..

1106 2727 1110 2770 l
