2228 3900
49 97 55 104 ¹
125 108 200 178 256·
252 124 255 133 ·
409 120 443 176 o.
476 116 634 161 ιιοιιιιιι
668 114 800 159 rceccs

125 210 138 263 i
159 222 254 261 sorum
271 202 374 275 sepite.
410 199 539 251 Clavulos
561 200 694 267 capitatus
715 198 803 251 hebes
827 196 905 269 apud
930 199 1082 257 Varronem

147 296 162 329 e
180 278 223 329 Rc
242 274 322 325 Rust.
341 272 379 337 ΙΙ,
398 286 424 347 9.
460 265 573 320 Deinde
590 274 683 321 totum
701 266 799 320 locum
814 266 858 321 sic
874 270 1040 341 corrigere,
1057 280 1082 325 st

126 344 301 413 distinguere
319 349 442 410 potense
641 332 651 346 ⁵

122 442 127 453 ·
194 412 310 463 Intactis
327 406 478 473 opulentior
505 443 508 450 .

230 478 377 529 Theseus-is
394 474 518 539 Arabum,
535 485 562 523 et
578 472 671 523 divitis
686 472 791 539 Indiae,

193 547 345 601 coementis
361 544 424 594 iicet
440 558 550 608 occupes

231 612 399 684 Tyrrhenum
416 626 493 661 omne
509 612 571 675 ntis,
591 623 617 661 et
634 628 707 662 mare
725 610 883 679 Apulisttms

194 687 253 753 (Sic
263 683 334 750 figit
351 680 538 731 adamantinos

230 752 344 804 Summis
359 746 503 799 uerticibus
519 747 580 796 dira
595 746 741 799 necessitas

128 838 131 846 ·
193 821 304 885 clavos)
321 834 377 867 non
393 816 513 866 animum
529 827 609 877 metu,

227 889 292 939 Nou
309 886 402 937 mortis
421 883 522 951 laqueis
541 882 662 949 expedies
679 894 765 950 caput.

120 960 213 1024 Licet,
232 955 336 1024 inquit,
355 953 388 1033 in
405 960 526 1030 utroque
539 949 624 1003 litore
644 949 726 1003 villus
736 950 929 1007 nobilissime
940 947 1075 1017 sedilios,

123 1028 311 1094 omniumque
341 1036 380 1073 us
411 1020 583 1085 dstrssirnus3
618 1036 676 1071 non
701 1036 735 1073 eo
803 1029 851 1073 cto
876 1030 927 1074 eut
952 1019 1077 1073 vitame
1109 1055 1111 1076 t

119 1108 201 1151 metu
218 1096 377 1145 immunem
396 1102 496 1155 egere,
528 1097 577 1140 eut
598 1096 721 1139 mortem
745 1104 761 1139 e
785 1104 873 1159 ugera
889 1088 1013 1159 poterin
1038 1086 1076 1142 eir

120 1180 220 1220 retum
236 1162 296 1213 fato
313 1158 500 1211 constitutum
517 1164 571 1224 est,
604 1156 645 1207 ite
669 1163 771 1208 namra
793 1165 1008 1227 comparatum,
1037 1156 1075 1209 sic

120 1235 216 1285 elavos
233 1230 296 1297 figit
312 1224 463 1278 necessitas
479 1224 598 1276 summis
614 1223 777 1291 verticibus,
796 1233 830 1276 ut
847 1224 930 1279 nulle
945 1224 977 1279 si
994 1222 1075 1277 evelli
1108 1221 1111 1238 '

119 1300 237 1373 possint.
272 1295 400 1347 Eandem
420 1293 590 1345 sententiam
607 1292 693 1345 habes
711 1292 806 1345 Germ.
826 1294 872 1363 tt,
901 1302 944 1357 ιε.
980 1292 1024 1347 Τιι
1038 1310 1075 1347 ιι·
1108 1283 1112 1310 ¹

92 1415 95 1422 .
119 1370 207 1421 wudu
225 1381 359 1415 marmora
376 1370 429 1414 etc.
448 1370 477 1413 et
494 1360 581 1429 Epist.
601 1360 624 1428 1,
644 1378 669 1415 ιι.
688 1378 713 1411 v.
731 1374 775 1432 47.
1101 1373 1104 1382 ·

85 1440 88 1446 '
187 1435 254 1487 Non
266 1434 359 1483 domus
374 1444 398 1481 et
408 1430 523 1497 fundus,
541 1446 594 1479 non
611 1431 681 1479 ueris
694 1446 807 1481 acervus
822 1442 851 1481 et
866 1432 931 1483 ostri

187 1506 302 1570 Aegroto
321 1500 424 1549 domini
440 1498 551 1549 deduxit
566 1514 674 1565 corpore
690 1496 800 1567 februs,

186 1572 253 1622 Non
272 1570 360 1620 anieno
379 1582 468 1619 curus.

116 1644 208 1698 Porro
226 1634 441 1691 et-Schalinstns
460 1642 570 1687 veteres
585 1634 625 1684 sic
642 1631 715 1686 olim
732 1632 849 1702 legisse,
869 1650 932 1689 ιιοιι
948 1634 989 1701 si,
1012 1634 1073 1689 estis

115 1710 227 1765 indicat
244 1722 343 1758 eorum
361 1704 521 1757 enarratio:
548 1701 690 1770 Quamuis,
710 1702 807 1771 siunt,
828 1703 916 1755 multa
931 1704 1073 1773 possideas,

115 1798 172 1833 non
190 1792 279 1829 tomen
294 1775 399 1824 sincera
416 1772 551 1839 uoluptate
569 1769 614 1821 his
621 1769 685 1836 frui
702 1783 794 1837 potes:
815 1770 925 1843 quippe
950 1781 1013 1825 tum
1030 1788 1073 1823 ne·

116 1850 240 1900 cessitate
259 1843 352 1893 mortis
369 1842 481 1892 astricto
496 1842 533 1890 sit
549 1838 669 1889 humano
685 1838 818 1903 conditio,
844 1857 895 1891 nec
911 1843 1000 1910 possis
1014 1840 1073 1893 ιἰιιιι

114 1932 141 1970 te
159 1916 217 1967 ulio
237 1911 351 1962 remedio
373 1923 418 1960 aut
441 1909 560 1976 proemio
584 1907 722 1957 redimere.
757 1906 946 1965 Rectissime:
973 1916 1003 1963 ιι
1023 1906 1073 1961 ills

113 1988 211 2055 quippe
229 1998 288 2029 cum
306 1994 365 2029 nou
382 1980 421 2041 si,
445 1977 550 2030 sedric
566 1975 744 2045 exprimunt,
770 1984 858 2047 prout
874 1994 929 2031 nos
944 1976 1072 2031 ementi!-

113 2066 270 2171 VIlgusiiira
287 2110 440 2176 necessitas]
478 2110 514 2161 Et
537 2108 609 2160 editi
632 2119 662 2162 et
678 2111 778 2180 scripti
801 2106 895 2163 Diras
914 2118 1012 2167 temen
1028 2111 1071 2167 vel

111 2181 336 2240 seclnmantibus
352 2180 389 2229 iis
405 2178 601 2246 rescripserim
617 2180 702 2241 dure;
718 2178 795 2261 quod
810 2179 964 2249 proprium
975 2182 1071 2235 Neces-

112 2251 205 2310 sitatis
222 2248 368 2319 epitheton
388 2254 444 2311 cst,
472 2255 504 2297 ut
527 2246 646 2298 Graecis
669 2243 770 2315 σπερρὰ
792 2239 915 2317 ἀνάγκη,
942 2244 1069 2319 soncos),

111 2316 225 2389 σκληρή.
265 2314 462 2387 Quintilianus
478 2314 607 2367 Declern.
626 2316 686 2366 XlI.
730 2316 827 2367 Fames
850 2320 938 2369 ouimi
961 2332 1069 2371 tormen·

110 2406 184 2455 tum,
203 2387 321 2453 corpoeis
334 2385 422 2447 tabes,
441 2384 572 2449 magistra
589 2384 732 2450 peccandi,
752 2384 907 2439 durinime
924 2385 1069 2441 neusin·

111 2470 187 2522 tum,
207 2454 403 2522 deformissime
420 2452 560 2501 maiorum.
595 2452 737 2503 Arnobius
762 2450 815 2505 liu.
839 2451 894 2505 111.
937 2456 972 2506 At
994 2471 1067 2521 rogo,

129 2546 179 2578 uae
198 2528 266 2576 ratio
284 2535 337 2587 est,
369 2528 437 2589 quae
460 2533 515 2569 tam
534 2520 606 2571 durs
625 2519 789 2590 necessitas,
819 2538 890 2591 quse
912 2538 993 2575 causo
1012 2530 1067 2575 ste.

138 2606 213 2650 oster
230 2593 324 2644 Germ.
342 2590 367 2657 I,
386 2604 428 2653 ²4·
1101 2605 1109 2618 v

181 2664 310 2715 Durum:
328 2658 376 2709 sesi
391 2657 478 2707 levius
488 2656 530 2723 fit
545 2658 685 2723 patientia,

216 2728 349 2797 Quicquid
367 2727 501 2792 corrigere
517 2738 557 2775 est
574 2726 669 2793 nefa:
1017 2772 1021 2779 ,

107 2802 164 2855 hoc
181 2808 236 2863 est,
269 2793 408 2866 quicquid
424 2811 527 2843 necesse
546 2802 596 2844 est.
643 2794 751 2847 Durum
766 2806 796 2850 et
811 2798 901 2850 dirum
922 2796 957 2852 in
981 2794 1066 2849 mstis

107 2870 215 2936 ubique
240 2866 301 2916 fere
328 2862 561 2923 confunduntur-3
596 2869 629 2913 ut
652 2863 760 2917 mirum
787 2867 825 2919 sit
846 2875 908 2921 ιιιιι
930 2880 1017 2937 prm
1038 2870 1066 2917 et

106 2951 239 3011 perverse
258 2932 307 2983 hic
326 2947 483 2999 congruere
501 2932 532 2981 in
550 2929 649 2999 peiore
666 2933 817 3003 scriptura.
1103 2927 1113 2994 ζ’

142 3019 186 3068 24.
205 3005 257 3051 Aut
273 3002 385 3067 pretium
403 3011 441 3050 est
458 2998 536 3065 mort]
571 2998 667 3051 Codex
683 3001 760 3053 inter
777 3003 1003 3057 Pulmemienot
1018 3014 1065 3073 011-
1102 3017 1108 3024 ”

106 3074 209 3137 timus,
247 3070 361 3136 pretium
386 3068 483 3117 emori:
517 3066 567 3117 cui
588 3068 700 3121 secedit
723 3071 898 3126 Butteliunus
921 3081 1017 3125 noster
1037 3076 1064 3121 ei

106 3137 275 3196 Bersmanni
293 3152 379 3201 unus,
399 3136 515 3203 pretium
532 3138 609 3188 mori.
645 3136 709 3205 Qus
731 3139 857 3194 lectione
880 3140 1004 3195 admisu
1023 3136 1062 3191 tli-
1100 3145 1108 3156 '

106 3205 292 3278 stinguendus
310 3212 351 3254 est
368 3204 460 3255 locus:

174 3273 234 3329 Dos
253 3286 290 3323 est
307 3290 407 3338 magua
422 3272 574 3338 parentium

218 3344 314 3401 Virtus,
335 3353 360 3388 et
379 3354 496 3390 metuens
513 3339 624 3389 alterius
640 3341 694 3390 viri

176 3413 255 3465 Certo
267 3409 382 3473 foedere
401 3410 520 3471 castitas,

203 3481 240 3533 Et
258 3493 366 3545 peccare
384 3474 469 3543 nefas,
487 3488 535 3527 aut
549 3477 664 3545 pretium
676 3472 774 3531 mori.'
