2250 3990
241 118 495 198 taratantara
528 132 668 205 arn-l,
705 144 758 209 τε.
879 124 883 135 ’
919 138 983 207 081
1043 138 1048 147 ’

43 235 193 311 impendia
217 238 390 304 tententiae,
424 253 496 305 qnae
521 234 829 293 coniunctioneltt'hia
855 234 986 292 discreti·

43 302 92 373 im,
112 324 170 359 non
190 307 355 372 cattssal'em,
375 305 534 357 necessario
553 307 650 375 exigit.
686 306 721 357 Et
739 318 767 355 at
784 306 901 375 quidem
920 312 996 363 eam'

43 372 209 445 inr'liabere
234 384 342 445 potest,
374 374 398 425 si
425 373 570 425 addideris
590 386 687 424 tamen.
714 376 819 442 ,Illam
840 376 985 443 indignam

43 446 111 497 ultre
131 446 219 505 tuerit
251 442 287 495 Ut
305 455 393 493 tannen
409 445 515 509 penitus
534 454 625 493 norrun
642 460 731 493 serves
747 455 773 492 et
790 445 902 505 tuteris‚·
924 446 981 517 vel,

43 522 176 589 'ramera
194 526 232 577 ur,
254 512 305 562 Sed
322 524 412 561 tamen
429 524 466 562 ut.
502 512 604 575 Noster
623 511 711 580 Epist.
730 512 753 577 I,
773 510 816 566 aa.¹
835 529 862 565 r.
878 526 922 583 85·

43 624 47 639 ‚
66 605 69 611 ·
88 582 314 647 tresolanum,
334 589 430 635 tantm
449 588 481 631 ut
497 579 753 647 placabilisessem.
928 574 935 587 '

43 652 111 715 biii.
133 650 173 715 11,
192 650 217 700 6.
236 661 278 710 tia.
601 686 605 691 -
750 658 753 665 ·

43 742 66 755 ..
87 720 215 785 Asperat
233 730 349 775 accentus
366 718 502 787 quaesitis,
521 724 667 773 attamen
686 727 775 772 arram

88 786 211 839 Solveret
228 785 354 855 hospitiis
371 788 499 841 citimum.

81 872 105 907 1.
125 862 168 913 80.

43 850 65 927 ι’
125 924 256 991 Equidem
274 922 346 976 nilrll
363 921 427 975 binc
447 923 592 991 diffingere
608 940 737 994 parrum:

89 990 143 1044 Sed
165 1001 259 1046 tamen
278 1002 312 1044 ut
329 995 446 1044 monitus
465 992 569 1045 caveas.
989 1022 992 1029 ¹

43 1060 101 1121 {dds
121 1060 176 1113 huc
194 1062 282 1130 igitur
304 1061 420 1127 Tamen,
450 1070 478 1112 et
502 1062 596 1131 ipsunt
623 1061 709 1114 illum
733 1074 848 1115 tensum
865 1058 983 1133 efficiet,

43 1138 108 1181 uem
128 1146 176 1180 noe
194 1141 224 1179 ut
244 1146 461 1200 consequamur,
482 1144 508 1180 at
529 1148 581 1201 pro
601 1144 630 1181 at
648 1131 853 1182 substituimus.
881 1132 914 1182 Aa
929 1150 986 1183 ser·
1011 1156 1015 1167 ·

43 1212 72 1250 tr
88 1200 233 1268 tuterisque
250 1199 413 1268 imperativi
432 1200 510 1251 madi
530 1216 590 1250 urm
610 1199 707 1266 habet,
738 1210 769 1251 ut
791 1198 908 1267 passim:
936 1218 988 1253 ne-
1069 1258 1073 1263 ,

43 1266 182 1318 crealiter
201 1267 288 1331 oliui,
316 1277 348 1317 ut
365 1266 492 1333 videtur,
512 1267 852 1335 legebant-Scholiasta,
873 1270 992 1338 quid&

43 1332 116 1398 ende,
144 1348 232 1401 tuere,
265 1348 373 1402 protege
396 1338 428 1386 in
454 1335 636 1387 enarratione
656 1334 739 1387 huius
761 1336 818 1387 loci
837 1347 987 1404 usurpant.
1038 1336 1060 1387 ’.

43 1402 108 1471 laad
127 1403 150 1457 ti
168 1412 324 1471 ‚argtttetur
347 1404 508 1471 quispiam,
538 1417 567 1453 ut
592 1418 644 1470 per
668 1421 697 1454 se
721 1406 844 1473 positutn
864 1406 989 1475 perinde

43 1486 81 1521 rte
99 1489 133 1522 ac
152 1486 181 1523 ur
201 1485 302 1529 raanan,
330 1488 377 1522 me
395 1472 511 1539 qttidem
529 1470 729 1523 assentientem
748 1490 806 1525 non
827 1472 928 1541 habet3
957 1483 988 1528 et

43 1548 135 1591 nterea
164 1556 228 1591 eant
252 1540 342 1610 ipsam
369 1540 634 1613 interpretationem
661 1540 734 1595 milri
758 1540 864 1595 referet
886 1560 987 1617 accep-

43 1622 93 1659 ιω.
130 1607 202 1659 Vide
222 1616 317 1659 tamen
337 1624 386 1659 nos
404 1607 439 1658 ad
465 1624 489 1657 r.
512 1619 567 1672 107.
811 1626 814 1631 ·

57 1693 100 1744 91.
128 1677 238 1726 Putares
261 1676 345 1727 bibuli
369 1676 603 1730 mellatenam
625 1674 746 1743 Falerni]
782 1677 890 1728 Vereor
908 1676 991 1747 equi·

43 1758 101 1807 ern,
122 1761 158 1794 ne
175 1744 386 1815 interpolatoris
406 1743 574 1796 liberalitati
593 1742 641 1795 hic
659 1742 815 1811 versiculus
833 1744 987 1801 debeatur:

43 1812 237 1865 taeterrimis
256 1813 335 1866 enirn
358 1813 461 1865 nostris
487 1815 632 1881 vossiano·
650 1812 859 1881 ec--ttegtnenn
881 1813 990 1881 margi-

43 1895 94 1929 .em
112 1888 223 1930 tanturn
241 1890 362 1951 occupat
378 1890 407 1932 et
425 1899 443 1933 a
462 1897 550 1933 mauu
566 1880 745 1935 recentiore:
759 1924 762 1929 .
774 1898 831 1949 quo
856 1880 941 1933 modo
959 1886 992 1934 eli

43 1947 142 2001 taliis
166 1950 376 2017 antiquioribus
400 1950 500 2001 baberi
523 1950 713 2016 crediderim,
744 1948 874 2019 quamvis
898 1950 990 2001 Inter·

43 2026 119 2137 plepem
138 2016 249 2081 sileant.
284 2013 436 2091 Expectans
459 2027 554 2073 autem
579 2027 621 2071 est
643 2018 791 2075 etaltera
816 2019 872 2074 isto
896 2018 986 2091 Epist.

88 2126 96 2152 t
116 2101 159 2152 34·
434 2109 440 2121 ’

59 2176 65 2189 ¹
123 2173 181 2205 uem
200 2156 254 2207 scis
273 2156 416 2208 immunem
434 2156 551 2226 Cinyrae
568 2157 703 2224 placuisse
720 2156 814 2224 rapaci
819 2174 832 2218 ,·

123 2240 180 2272 uem
199 2224 318 2275 bibulam
337 2227 433 2295 liquidi
450 2229 539 2278 inedia
555 2229 588 2278 de
608 2227 667 2277 luce
686 2226 813 2277 Falerni:

43 2306 92 2341 nin
118 2300 147 2342 et
167 2293 230 2343 illic
249 2306 339 2359 nocte,
371 2312 430 2344 non
457 2297 532 2355 lace‚·
563 2303 698 2364 quattuor
722 2310 755 2345 ex
772 2294 990 2349 recentioribus
1053 2347 1063 2354 ,

43 2360 130 2411 tastris
150 2362 324 2429 praeierunt.
361 2363 519 2429 Utcumque
539 2362 584 2427 ait,
605 2364 665 2413 sive
684 2363 720 2412 ab
740 2365 991 2430 auctoreprolec·

43 2442 86 2490 us,
108 2431 185 2492 sive,
214 2445 281 2481 cum
298 2445 394 2479 versus
414 2430 487 2480 lorte
505 2430 575 2479 hinc
593 2430 751 2494 exciderat,
779 2446 795 2480 a
815 2431 992 2505 nescioguo

43 2497 227 2565 nterpolatus3
258 2497 491 2551 mendosissimus
509 2497 596 2549 hodia
616 2497 836 2561 circumfertur,
865 2506 894 2546 et
911 2512 943 2547 re
961 2506 991 2550 et

43 2563 154 2615 lictione
172 2564 336 2617 foedissime
356 2562 485 2633 peccan‘s.
529 2567 593 2634 Qrto
616 2566 696 2615 enirn
721 2564 830 2631 referes
849 2562 925 2616 illud
951 2566 991 2616 bi-

45 2632 106 2683 uli’?
139 2651 175 2687 an
200 2634 235 2684 ad
261 2634 390 2701 perores?
418 2635 496 2703 atqui
522 2635 577 2686 hoa
594 2633 742 2702 ineptum:
772 2631 893 2701 perinde
911 2635 991 2689 onim
1033 2652 1037 2658 ’

44 2709 68 2752 tt
85 2717 118 2753 ac
138 2704 159 2753 si
180 2715 286 2769 potares
303 2714 427 2769 potantes
445 2703 567 2767 dixeris:
598 2718 636 2753 an
660 2701 695 2753 ad
716 2698 841 2767 Falerni,
873 2709 905 2752 ut
923 2719 991 2755 tana

43 2786 130 2822 *ocrim
149 2771 220 2823 ordo
240 2780 267 2821 et
286 2772 456 2841 compositio
483 2772 574 2823 Potitia
596 2771 699 2821 usitata
724 2770 882 2821 necessario
907 2770 993 2841 flagi·

43 2838 89 2889 et'l
119 2840 182 2890 boe¹
198 2855 266 2891 vero
292 2839 350 2893 iarn
375 2840 516 2909 ineptiusr
545 2840 652 2891 bibulus
675 2837 753 2888 enirn
778 2838 886 2906 estqui
905 2840 989 2905 bibit,

43 2924 85 2958 ion
106 2909 156 2976 qui
175 2907 292 2961 bibitur.
330 2908 406 2959 illud
427 2908 532 2959 daiiide
549 2907 634 2976 quale
653 2915 710 2972 est,
729 2907 817 2957 mealia
834 2907 866 2958 de
883 2909 992 2962 noctel

43 2977 134 3026 airum
154 2985 295 3046 quantum
310 2977 358 3027 bic
378 2976 551 3027 fallebantur
568 2976 788 3029 boniLibrariir
809 2977 993 3029 medianocte

43 3043 162 3111 uidem,
192 3054 221 3095 et
244 3044 343 3095 valed
362 3044 456 3095 incarn
477 3060 565 3113 usque
583 3044 720 3113 potabant
739 3060 880 3110 maeones
897 3056 926 3097 at
943 3062 993 3099 ne·

43 3122 122 3164 ntes:
145 3121 174 3162 at
192 3112 279 3162 inedia
297 3112 333 3163 da
351 3126 426 3163 nacte
444 3130 530 3165 sisino
550 3114 690 3179 omnium,
710 3111 766 3163 nisi
784 3126 850 3163 cum
868 3114 993 3166 maxima

43 3182 198 3247 egotiusut,
221 3180 349 3231 cnidiae
365 3180 474 3232 solidus
491 3199 549 3233 noa
571 3182 636 3235 satis
654 3192 716 3231 arat
734 3180 832 3231 adres
852 3181 992 3250 agendas:
1032 3210 1036 3217 ¹

43 3252 103 3317 jnnd
126 3248 245 3300 huiusce
263 3248 325 3299 loci
344 3250 502 3301 sententiae
526 3267 641 3321 proram
659 3248 839 3300 contrarium
856 3260 905 3299 est.
942 3250 993 3301 Ni·

43 3319 135 3368 nirum
157 3317 245 3367 media
263 3318 294 3368 de
313 3330 389 3371 nacte
406 3318 454 3383 iit,
483 3336 541 3371 rien
559 3320 634 3391 quod
651 3334 687 3369 eo
705 3332 793 3385 usque
811 3318 990 3389 producitur,

43 3387 75 3439 td
94 3385 171 3451 quod
190 3398 251 3437 tuni
269 3386 396 3454 primum
416 3386 567 3457 incipitur.
601 3388 703 3439 Noster
722 3386 809 3459 Epist.
828 3387 852 3455 1,
873 3404 897 3463 ἲ,
919 3396 962 3453 88.

97 3451 226 3577 ssffensus
245 3455 360 3527 damnis,
379 3456 477 3515 media
495 3458 532 3515 de
549 3466 637 3517 nocte
655 3454 792 3511 caballum

122 3537 211 3591 rripit.
629 3568 632 3573 .
751 3556 754 3561 ‚
