2250 3990
72 159 138 224 488
359 169 392 227 o.
428 161 595 213 norrun
629 161 769 213 rusco!

77 255 215 310 slicnuns.
250 252 326 305 cnm
341 250 414 302 heec
433 260 529 305 sutem
547 248 740 321 scripsissem:
760 263 824 301 sero
877 245 885 259 '

78 324 175 376 virum
192 320 277 389 longe
295 319 507 386 doctissimum,
526 318 876 373 Gstekerumncstrsteru
890 316 923 370 bi
966 315 969 324 '

80 392 115 457 11,
135 408 160 443 e.
181 387 217 439 de
236 390 404 440 Hebreismo
422 386 477 439 hoc
515 387 583 441 lure
596 381 761 449 eductisses
837 402 865 446 m
879 400 949 455 usque

81 458 152 510 tinis
169 472 284 525 prorsus
301 457 475 508 insolentem
494 406 585 509 inisse
606 472 643 507 ex
663 453 766 536 priore
781 402 846 507 m
862 452 939 506 rucei

83 533 202 579 conetur
218 534 261 577 est
278 524 442 587 ostendere;
461 524 510 575 cui
528 534 557 576 et
573 524 686 577 eddidit
703 522 783 576 Livii
799 520 879 588 illud,
895 519 954 592 ml,

85 596 190 647 Rornae
207 595 264 644 iuri
280 593 394 643 dicundo
419 592 522 644 urbane
538 611 597 645 sors
615 594 785 645 Pomncnio:
809 590 883 643 inter
897 590 948 642 tius

85 680 180 714 manos
197 675 222 711 et
239 662 317 713 inter
334 662 490 728 peregrinos
508 661 538 712 P.
561 662 644 713 Furio
665 658 747 712 Philo
771 660 867 711 euenit.
908 657 940 712 lle

86 730 153 781 dem
171 728 243 781 olim
261 730 421 783 ferebatur:
440 742 468 781 et
487 728 657 782 iamdudum
675 738 726 795 est,
746 743 815 781 curu
830 725 954 779 melium

87 798 187 850 dicum
204 798 280 850 iussu
300 798 437 867 posterius
449 796 527 849 illud
546 800 622 853 Inter
641 796 678 849 de
694 795 781 849 Livio
796 794 918 849 exulavit

87 882 156 918 sero
175 866 303 935 suggerit
322 865 486 931 Marcilius,
508 882 544 917 er
562 866 656 918 Cicer.
677 865 816 918 Peredsrs.
835 865 858 916 1.
887 864 951 916 Sicu

90 933 200 984 abiicier
220 946 299 1003 etque
322 948 487 1000 prosternes,
515 946 545 986 ut
569 933 640 985 nihil
656 932 737 985 inter
753 945 781 985 te
801 945 877 1001 utque
890 932 947 984 iulet

90 1002 234 1067 drupedrm
260 1004 380 1069 aliquam
404 1016 481 1069 putes
504 999 654 1053 interesse?
697 1000 843 1071 Equidem
867 999 955 1079 uuit!

90 1085 149 1138 que
167 1069 265 1121 closer
288 1070 429 1122 foetorem
454 1070 533 1123 hune
557 1067 744 1135 excitaverim
774 1086 844 1121 cum
864 1076 892 1121 et
935 1066 941 1079 '

81 1141 86 1150 ’
111 1153 160 1188 uer
177 1138 300 1191 viderim
316 1154 427 1203 ornnes,
449 1149 478 1188 et
496 1136 609 1191 codices
626 1134 754 1191 Graevio
775 1136 832 1191 visi
848 1137 900 1189 rite

91 1154 168 1255 inter
189 1217 214 1257 te
235 1218 262 1255 at
280 1224 312 1255 ιιι
329 1207 533 1284 quadrupedem.
568 1204 646 1277 Quid
662 1204 776 1277 igitur?
796 1205 903 1277 inquies
916 1204 988 1266 dum,

92 1271 226 1341 indignes
270 1274 355 1325 orani
374 1275 449 1327 vices
466 1274 631 1345 praedicens
648 1274 672 1326 si
692 1290 728 1325 ex
745 1274 880 1329 omuibus
893 1271 942 1325 eliis

93 1348 156 1407 tur,
186 1341 220 1393 in
243 1340 297 1393 illo
321 1316 383 1394 solo
407 1343 521 1396 tuscula
541 1342 668 1396 residet?
701 1342 765 1411 Ego
783 1358 870 1409 vero,
895 1333 992 1395 siniti

93 1416 193 1463 contre
211 1409 359 1463 Librarius
375 1410 452 1462 isses
480 1409 568 1464 iscile
584 1408 771 1481 suppeditare
791 1426 912 1482 possum,
927 1406 999 1479 ΜΙ-

92 1472 167 1597 lruicl
180 1485 239 1531 tem
255 1477 437 1533 inhonestam
451 1452 549 1533 labem
566 1480 723 1549 absterget:
757 1478 792 1531 iu
809 1477 908 1551 priore
920 1463 999 1545 lusui*

93 1558 138 1597 stc
167 1561 233 1599 ses

184 1560 202 1617 Β
232 1587 307 1666 'Hoc
324 1616 421 1668 etenim
438 1628 500 1669 sunt
517 1634 609 1669 omnes
624 1616 685 1668 iure
703 1615 824 1679 molesti,

163 1681 225 1802 gno
237 1684 337 1750 June-s,
355 1684 449 1753 picibus
467 1686 607 1736 adversum
623 1683 724 1737 bellum
741 1684 852 1735 incidit.
870 1680 954 1737 ulis

194 1767 283 1803 estora
300 1754 457 1804 Priamiden
473 1755 622 1805 animosum
639 1766 718 1821 etque
735 1753 810 1804 inter
828 1748 950 1809 Achillen

164 1822 214 1871 Ire
223 1821 285 1888 snit
301 1822 437 1889 capitalis,
456 1835 486 1873 ut
503 1822 599 1873 ultima
617 1820 753 1873 divideret
767 1827 858 1873 'ntum

95 1886 132 1940 iu
149 1889 309 1958 posteriore
326 1905 404 1957 sero,
423 1891 448 1941 si
465 1890 508 1943 sic
525 1891 663 1959 refingsss

402 1958 503 2009 Nestor
519 1974 675 2026 componere
694 1956 761 2009 lites

165 2022 279 2077 Primus
297 2026 410 2077 Peliden
420 2027 540 2094 festinat
557 2039 583 2077 et
598 2028 669 2077 inter
685 2026 812 2086 Atriden.

95 2089 133 2141 At
151 2089 222 2141 haec
241 2092 365 2145 nimium
384 2103 537 2161 quintum,
556 2093 683 2164 inquies,
705 2112 724 2147 e
741 2095 866 2165 vulgetis
882 2090 999 2147 lectioni

97 2156 211 2208 cedunt.
247 2162 349 2211 Fateor
366 2162 513 2231 equidem
541 2180 642 2214 verum
659 2162 736 2215 haud
754 2180 816 2215 una
833 2170 880 2216 est
895 2161 999 2217 mentlstl

97 2222 195 2290 origo:
232 2226 289 2279 elie
312 2227 462 2280 literarum
486 2229 686 2298 similitudini,
716 2230 778 2285 elie
803 2234 999 2301 interpretem

97 2291 248 2346 debentur.
285 2296 335 2363 Et,
365 2300 390 2349 si
414 2305 445 2348 tu
472 2297 544 2349 dicis
569 2316 666 2353 caussa
687 2299 763 2351 milri
788 2300 931 2353 concedes
949 2298 991 2351 elin

97 2362 200 2427 primns
219 2365 254 2415 ab
276 2366 395 2418 Horatio
414 2365 568 2436 prodiisses
597 2368 646 2437 qui
665 2368 783 2420 evenire
801 2370 943 2439 potuerit,
961 2364 999 2418 nl

98 2440 140 2479 ter
159 2439 188 2481 et
211 2431 288 2484 Inter
311 2434 518 2505 interpolatum
538 2430 576 2488 sii
598 2434 699 2503 hodie,
729 2437 793 2488 iem
817 2454 874 2506 ego
899 2436 949 2490 tibi
965 2443 999 2489 ult

101 2497 176 2550 darn.
212 2500 285 2554 Cum
305 2503 383 2555 enim
403 2504 456 2555 iste
479 2503 608 2572 legerent
627 2503 712 2570 olim,
744 2504 870 2557 Hectora
895 2520 964 2575 etque
980 2504 999 2553 ir

102 2566 248 2640 Achillem,
276 2572 388 2622 Peliden
404 2586 430 2623 et
446 2573 518 2622 inter
534 2573 663 2633 Atriden;
692 2573 823 2627 novitate
845 2570 999 2628 constrictu

102 2637 232 2703 attoniti,
254 2639 398 2709 prioribus
416 2639 476 2692 illis
495 2639 754 2693 accusativisinter
772 2645 855 2695 inter
874 2643 999 2710 linessrp1

103 2704 224 2759 nebant:
252 2725 309 2776 quo
328 2710 449 2773 lectum,
475 2718 508 2761 ut
525 2711 560 2761 eb
578 2707 641 2761 eliis
659 2709 774 2760 demum
794 2709 998 2783 exscriptoribus

104 2788 217 2825 versum
241 2778 418 2846 reciperetur
441 2776 529 2842 Inter,
577 2778 624 2830 uia
648 2775 724 2829 forts
748 2778 869 2833 fortuna
893 2795 956 2833 cum
972 2791 999 2829 uu

104 2841 263 2895 rationibus
284 2855 349 2914 apte
371 2844 530 2915 quadraret.
557 2795 611 2898 lta
635 2845 705 2897 alibi
728 2847 773 2898 bis
799 2856 846 2901 ter
867 2866 903 2902 ne
919 2853 998 2919 peccel

105 2916 161 3026 ppt3
180 2911 246 2962 vide
263 2930 314 2964 nos
334 2914 369 2966 sd
387 2915 480 2966 Germ.
499 2913 548 2981 111,
569 2928 612 2979 25.
628 2932 656 2967 v.
673 2928 710 2970 2.·
733 2915 828 2987 Epod.
846 2868 897 2985 iil,
917 2928 943 2985 4.
969 2914 999 2984 Ep

137 3017 145 3042 ‚
169 2996 192 3029 1.
211 2997 236 3030 v.
257 2992 298 3030 ⁶1.

143 3060 183 3113 15.
217 3010 279 3098 Deio
305 3050 331 3098 si
355 3049 490 3100 discordia
515 3062 592 3101 neret
617 3049 726 3118 inertes]
767 3051 930 3107 Lambinus
950 3048 999 3102 iut

107 3115 256 3235 gennulpip
282 3130 369 3166 verset
396 3117 520 3171 invenit:
549 3118 626 3190 quud
650 3121 756 3173 rectius
788 3130 871 3192 puto.
925 3118 999 3175 Sint

127 3198 198 3234 erm.
324 3199 347 3239 2«
376 3223 382 3235 .

121 3293 124 3300 .
177 3254 206 3303 Si
222 3201 304 3321 quierit,
316 3201 426 3304 delictet
443 3251 599 3313 barbatum
616 3255 743 3309 ementis
759 3264 865 3310 verses.

108 3318 158 3370 uhi
177 3320 310 3372 similiter
334 3321 445 3373 codices
468 3320 600 3373 nonnulli
624 3336 710 3375 vexet.
755 3324 868 3381 Passim
891 3324 960 3381 bete
977 3338 999 3377 rt

109 3386 187 3441 inter
205 3405 234 3440 se
252 3398 464 3441 commutentur
482 3408 499 3443 a
518 3390 665 3443 Librariis.

144 3472 185 3511 ρο.
211 3457 377 3524 Compositus
394 3458 489 3508 melius
506 3476 565 3509 cnm
584 3458 662 3510 Bitho
681 3459 826 3527 Bacchius]
865 3464 936 3531 Hic,
956 3469 999 3515 ul'

111 3541 222 3599 semper
246 3525 279 3579 iu
302 3526 467 3582 nominibus
491 3526 633 3601 propriis,
668 3528 782 3583 sesicut
810 3529 939 3588 codices:
974 3530 999 3583 u·
