2250 3990
119 152 122 161 ·
166 178 172 189 -
240 153 502 236 eerssouestit‘t
532 118 759 223 usr.3l‚⁵18.
794 208 797 215 .
912 150 979 219 683

47 246 128 301 ebes
145 244 262 303 Noster:
289 265 382 320 neque
400 247 479 299 enim
497 255 556 299 tem
573 244 669 315 ampla
686 262 732 301 ros
750 232 825 317 eise,
844 248 979 307 ut'oneri

47 316 210 369 molestiae
227 316 325 369 luerit.
361 315 556 395 Porphyrion,
580 324 614 367 ut
632 314 759 381 videtur;
779 319 930 373 discretive
948 335 980 377 ut

47 384 131 457 sipit,
155 402 209 456 pro
227 386 397 439 Dummodo:
417 386 509 439 Etiam
527 386 615 435 minus
631 386 675 449 sit,
695 384 834 438 dummodo
853 389 920 441 mibi
937 390 981 443 u't'.

47 472 80 507 n.
113 454 205 505 Recte
228 455 345 523 quidem
365 452 463 522 ¹quond
485 453 671 529 sententiam,
698 452 723 504 si
747 454 832 507 verbs
849 468 980 527 patema.

47 538 71 587 3:
91 521 146 575 sed
164 521 246 577 illius
264 520 482 593 significationis
499 538 579 573 exem
601 520 662 573 lum
679 522 812 591 requiro:
832 534 864 577 tu
882 535 981 582 temen
1001 524 1004 529 ’
1066 564 1069 569 -

47 590 150 643 ii'sules
174 589 259 657 licet,
289 608 362 658 quse
379 589 414 643 sd
435 608 461 655 v,
489 600 531 652 80.
553 608 568 641 s
591 592 696 642 notavi.
733 592 840 659 Porro,
870 612 981 661 prom

47 660 139 722 item,
167 659 333 713 vetustiores
358 668 386 709 et
411 657 508 731 plures
526 654 640 710 oolliees
663 676 714 709 neu
733 659 910 739 praeferunt.
945 667 982 719 Et
1015 681 1018 687 ·

47 728 293 799 equoquoheud
312 727 387 781 nihil
405 726 539 794 interest,
560 736 654 779 utram
672 727 828 791 hettonem
845 731 982 801 sequeris.

47 802 120 857 oster
137 800 280 849 rationem
297 796 355 847 voti
374 795 485 861 reddit,
504 812 557 847 cur
574 800 687 848 dnnuse
704 796 795 865 frugis
812 798 915 851 bonnm
935 820 984 855 co·

47 860 96 921 'ern
116 873 265 934 preceturr
293 866 318 919 si
336 882 387 918 neu
394 883 405 925 ,·
433 882 507 917 nors
527 866 586 917 ism
605 865 733 931 precatio
750 874 808 919 est:
837 867 877 919 Sit
900 868 984 923 libro·

47 952 86 999 m,
105 935 143 983 sit
153 930 250 999 frugis
269 934 337 985 bona
357 933 451 1001 eopia,
471 950 542 985 nere
562 932 658 985 dubius
673 935 733 1001 spei
746 934 884 1001 pendeam.
921 941 987 993 lm-

47 1016 85 1053 ro
106 1001 139 1052 in
158 1018 241 1055 versu
258 1012 408 1075 sequente,
438 1018 493 1073 pro
515 1001 565 1055 sed
583 1004 653 1053 satis
671 1016 710 1065 est
727 1004 916 1067 ororelovem
933 1010 986 1078 qui

47 1078 121 1139 trist2
137 1079 202 1121 sunt
220 1070 297 1136 libri,
317 1071 365 1122 sed
386 1086 419 1121 ex
439 1071 656 1137 recentioribus,
678 1071 727 1140 qui
746 1070 899 1133 exhibeant
918 1074 987 1131 haee

47 1139 87 1191 tls
107 1151 164 1199 est‚·
191 1134 219 1190 et
237 1136 339 1200 inille
357 1138 448 1194 altero
466 1139 589 1215 maiores
608 1140 708 1191 turbae
725 1134 814 1205 fiuut'3
840 1132 988 1211 siquidem

56 1208 115 1273 ¹qui
131 1207 222 1274 donat,
241 1217 270 1259 et
286 1228 355 1277 quae
372 1210 464 1271 donat,
484 1216 514 1259 et
531 1209 577 1275 qui
592 1210 683 1277 ponit,
703 1216 732 1259 et
750 1227 817 1276 quae
832 1213 918 1279 ponit,
937 1232 988 1284 pa.

47 1276 100 1327 ltus
133 1276 194 1327 lere
225 1277 338 1345 singule
366 1276 800 1345 testimoniis'eomprobsntur.
853 1280 988 1353 Denique

47 1358 105 1397 ¹rsu
124 1344 228 1411 ultimo
252 1362 304 1415 pro
330 1346 448 1395 animum
473 1347 511 1395 mi
536 1345 649 1411 aequum
672 1345 883 1407 mirificusene
901 1348 988 1407 lectio

47 1411 114 1463 rin
134 1412 240 1464 Codice
265 1412 339 1463 Coll.
356 1413 535 1480 Trinitatis,
553 1413 673 1462 animum
696 1413 764 1471 mihi
786 1432 835 1479 ego
860 1419 916 1484 ipse
938 1438 989 1489 pa.

47 1478 104 1543 ὖος
125 1481 173 1531 cui
192 1481 363 1549 astipulatur
381 1482 502 1535 loannes
519 1480 737 1533 sarisburiensis
758 1482 862 1535 Polior.
880 1487 940 1551 Ill,
960 1509 988 1559 9.

47 1562 67 1601 ι
86 1550 131 1601 bis
152 1550 301 1615 omnibus,
334 1558 441 1620 quanto
464 1548 622 1601 minutiore
639 1565 697 1600 esse
715 1546 880 1619 rideantur,
908 1565 990 1619 tento

47 1616 141 1671 eloris
167 1617 334 1672 subtilitatis
360 1625 401 1668 est
425 1616 492 1685 quid
519 1616 623 1668 melius
637 1617 797 1687 neriusque
821 1620 859 1670 sit
883 1622 991 1677 diiudi.

47 1700 107 1741 tre:
138 1694 170 1737 ut
186 1686 233 1737 vel
251 1702 284 1735 ex
305 1685 510 1757 interpretibus
526 1694 624 1757 petere
642 1686 992 1755 potest,›q11i-liseo.bre·

47 1762 101 1806 ter
127 1771 297 1807 memoresne
318 1755 445 1807 contenti
468 1753 530 1805 sine
550 1753 616 1805 crisi
636 1764 665 1806 et
683 1753 882 1823 disquisitione
901 1768 993 1815 trans.

47 1822 156 1875 ittunt.
193 1823 280 1875 Nobis
298 1821 411 1890 integer
427 1822 476 1873 liic
494 1822 572 1875 locus
590 1822 632 1874 sio
653 1822 766 1875 videtur
791 1824 991 1893 ¹retingendum

96 1891 139 1945 Sit
157 1890 223 1941 mibi
241 1891 311 1959 quod
327 1908 398 1945 nune
417 1904 473 1953 est;
490 1893 572 1943 etiam
589 1893 695 1943 minus:
713 1899 741 1943 et
760 1890 830 1942 mibi
849 1897 940 1951 uiuam

50 1990 55 2003 ι
98 1958 180 2024 Quod
196 1962 398 2028 superassumi,
414 1960 503 2029 siquid
518 1978 654 2028 superesse
670 1960 765 2011 volunt
781 1960 838 2015 Di:

96 2029 138 2079 Sit
156 2027 225 2081 bona
244 2029 373 2081 librorum
391 2031 557 2095 et‘previsoe
568 2023 665 2097 frugis
682 2032 711 2095 in
729 2046 830 2082 annum

97 2096 199 2162 Copia:
218 2114 275 2150 neu
284 2098 398 2166 fluitem
415 2098 513 2151 dubiae
532 2115 581 2165 spe
597 2098 729 2166 pendulus
745 2097 839 2152 borae.

97 2165 150 2217 Sed
170 2168 238 2218 satis
256 2181 294 2218 est
311 2186 389 2221 orare
407 2170 506 2231 Iouem,
526 2184 599 2238 quse
619 2168 702 2237 ponit
719 2178 744 2219 et
763 2166 861 2235 aufert.

47 2240 95 2285 ost
115 2244 178 2285 vota
199 2235 234 2285 de
253 2238 311 2285 uita
328 2244 357 2288 et
377 2236 519 2289 librorum
543 2236 691 2304 {rugisque
715 2236 791 2286 bona·
811 2237 904 2302 copia,
933 2238 995 2295 ient

47 2298 117 2357 liam
135 2320 252 2376 precem
271 2304 436 2371 eddiderat,
465 2304 558 2367 Neue,
582 2304 691 2373 inquit,
703 2305 817 2371 fluitem
834 2306 931 2361 dubiae
947 2326 996 2378 spe

47 2373 161 2425 mdulus
178 2371 278 2432 lteram
297 2373 352 2426 hoc
370 2381 420 2439 ott,
441 2379 475 2425 ut
490 2388 573 2424 vorsu
591 2390 633 2439 99.
653 2373 772 2424 dixerat.
905 2380 910 2390 ¹

99 2440 162 2495 Neu
181 2458 269 2507 pavor
287 2455 313 2493 et
333 2459 420 2495 rerum
438 2442 607 2491 mediocriter
625 2441 732 2489 utilium
750 2456 813 2507 spes

47 2522 107 2563 eret
125 2528 166 2562 me
186 2511 339 2579 agitetques
365 2509 442 2579 quod
466 2525 533 2561 oum
555 2526 583 2561 τι
600 2506 657 2571 solu
681 2499 724 2573 ἐφ’
745 2500 813 2573 ἡμῖν
840 2514 869 2557 et
892 2507 924 2561 in
943 2526 995 2565 sus
1052 2542 1055 2548 -

50 2587 169 2639 etestete
194 2589 280 2647 esset,
309 2588 408 2647 utpote
433 2594 490 2629 non
516 2577 552 2632 sd
577 2574 651 2627 hona
674 2586 789 2626 exterus
812 2575 860 2626 sed
879 2577 913 2627 ed
934 2579 997 2630 eni.

47 2666 112 2701 sum
130 2659 274 2721 spectans,
303 2655 419 2699 revocet
437 2646 512 2699 illud
536 2652 636 2697 votum
655 2651 687 2694 ut
705 2642 837 2712 ex'vulgi
858 2645 998 2713 opinione

47 2718 123 2786 ungis
142 2735 227 2785 quem
246 2734 279 2769 ex
297 2732 364 2770 vere
381 2715 493 2768 rstioue
511 2721 698 2830 eoiieeptum‚
732 2721 762 2763 et
785 2729 816 2789 se
834 2716 996 2785 corrigensp

51 2787 88 2839 ed
106 2789 172 2839 setis
193 2794 250 2851 est,
269 2785 381 2855 inquit,
400 2786 431 2837 iu
450 2783 560 2835 duobus
576 2781 637 2835 ilis
653 2780 724 2833 votis
742 2781 906 2850 subsistere,
927 2802 998 2853 quo.

47 2870 98 2907 nm
116 2872 204 2925 penes
222 2856 287 2905 dens
304 2862 426 2923 potestas
444 2862 501 2916 est;
521 2866 614 2921 neque
626 2848 657 2902 id
674 2866 723 2904 eos
740 2866 850 2921 rogere,
870 2854 948 2926 quod
964 2856 999 2913 in

47 2941 98 2979 nen
114 2923 202 2974 solius
220 2939 309 2976 manu
326 2931 376 2986 est,
396 2931 429 2974 ut
446 2935 618 2989 consequar:
840 2942 843 2947 <

101 2991 157 3045 Sed
176 2993 243 3044 sutis
261 3005 300 3047 est
319 2992 516 3053 munionem,
535 3005 603 3056 quoe
623 2986 700 3051 ponit
718 2998 745 3039 et
763 2985 870 3054 aufert:

102 3062 157 3120 Det
173 3062 267 3125 uitam,
286 3060 330 3111 det
348 3076 428 3124 opes:
445 3060 566 3109 animum
583 3054 650 3107 mitt
667 3072 716 3120 ego
733 3056 788 3121 ipse
806 3054 917 3123 parabo.

47 3130 90 3183 let
109 3129 197 3185 modo
216 3146 312 3184 sanum
328 3130 434 3191 vivere,
464 3126 512 3181 det
535 3126 633 3179 bonam
657 3125 789 3202 copiams
807 3140 860 3193 ego
887 3143 934 3179 me
958 3126 1001 3183 in
1081 3146 1083 3150 ·

47 3200 158 3264 iurabo,
186 3209 215 3253 ut
232 3213 265 3253 ne
284 3195 381 3249 dubius
390 3194 512 3261 fluitem.
546 3192 631 3247 Vides
647 3190 723 3258 isin,
742 3208 860 3260 opinor,
879 3209 932 3245 our
949 3212 1002 3248 neu
1030 3212 1034 3226 ¹

47 3276 64 3319 tt
86 3269 134 3319 sed
157 3265 262 3317 merito
287 3262 513 3334 amplectamurg
543 3270 571 3313 et
595 3260 718 3329 proinde
741 3278 809 3329 quoe
835 3259 884 3312 hic
902 3264 1001 3321 locum

47 3337 91 3391 lbi
108 3335 267 3398 vindicare,
287 3349 346 3389 oon
363 3332 417 3400 qui.
455 3328 542 3389 Orare
559 3347 637 3397 quoe,
655 3338 687 3387 ut
703 3329 799 3391 Germ.
819 3328 843 3399 Ι,
862 3346 906 3399 5¹·

105 3404 181 3471 Quid
198 3403 350 3453 dedicatum
368 3402 453 3467 poscit
470 3400 624 3475 Apollinem

109 3469 212 3529 Vates?
230 3469 299 3541 quid
317 3469 401 3531 orat?

47 3551 65 3597 n
83 3542 181 3599 cum.
197 3538 311 3601 esseut.
328 3553 373 3611 49.
