2250 3990
343 219 542 267 cinnanum
577 218 649 262 tm.
681 198 708 267 Ι.
848 272 851 279 1
963 205 1006 270 17

57 318 94 351 im
117 311 249 351 terrarum
276 299 421 370 Oceanus,
458 301 707 354 continuationem
734 299 867 371 gentium
890 300 1004 371 triplici

60 386 102 421 nu
119 369 268 432 scindens,
296 383 322 420 et
340 371 444 437 ingenti
463 371 573 422 lieentia
590 371 768 423 exaestuans?
803 371 880 423 'rum
896 381 1001 440 autem,

57 437 111 491 uod
135 437 206 488 huic
230 447 454 491 consentaneum
480 447 555 505 erat,
592 436 651 489 iam
676 454 735 489 non
760 439 931 508 passive-ut
955 440 1002 494 illi

57 505 153 573 tiores,
174 521 278 559 verum
294 507 386 559 active
402 523 515 573 sumere
532 504 634 559 volunt
651 506 832 570 Dissociabili,
853 509 900 575 qui
916 521 1002 559 terras

57 576 178 638 cruciat,
199 582 233 624 ut
249 576 406 641 genitabilis
424 594 505 640 aura,
530 573 696 642 penetrabile
705 573 801 639 frigus
817 583 846 626 et
862 574 894 627 id
912 592 1001 645 genus

57 642 100 695 ia.
138 644 233 711 Atque
249 642 337 708 haec,
358 653 390 695 ut
407 644 505 709 video,
526 638 726 712 interpretatio
745 641 805 692 iam
821 641 879 694 sola
896 645 1001 711 passim

57 710 155 777 minet,
176 716 206 761 et
222 726 275 780 pro
293 708 425 779 legitima
443 711 573 763 hahetur.
654 719 683 761 to
703 725 785 760 sane:
811 710 1001 765 Dissaciabibis

57 780 129 833 ctire
151 794 207 848 per
231 777 395 847 analogiam
420 776 535 831 defendi
559 795 631 848 possi
655 797 662 842 3
693 777 745 828 etsi
769 775 860 829 inea
882 779 1001 833 notione

57 862 254 916 nunnunquam
272 846 343 899 alibi
367 852 455 898 extet:
485 855 515 899 at
537 847 604 899 tide
627 862 713 914 quam
742 841 857 897 infieeta
884 847 1001 899 demum

57 914 179 968 intentio
196 913 355 968 exoriatur:
380 916 455 969 Deus
472 916 586 967 abscidit
604 926 690 965 terras
709 909 832 975 Oceano,
853 915 899 981 qui
915 927 1001 965 terras

57 984 180 1035 bseindit.
215 978 288 1051 Quis
308 998 411 1035 uamne
430 982 487 1035 sibi
503 980 688 1052 persuaserit,
714 980 881 1051 putidulum
897 981 954 1033 hoa
972 990 1001 1034 et

57 1047 207 1118 taedioyov
231 1051 267 1103 ab
288 1002 408 1104 iloratio
433 1051 595 1120 profectum
620 1049 700 1103 esse?
734 1049 780 1101 Tu
803 1064 873 1103 vero
896 1048 997 1119 tartha

75 1136 106 1172 ea
130 1119 163 1186 is,
179 1119 267 1170 unius
284 1117 418 1171 literulae
436 1118 613 1172 adiectione:

135 1188 293 1257 equiequam
312 1188 376 1238 deus
396 1188 511 1247 abscidit

103 1256 229 1307 Prudens
247 1252 356 1308 Oceano
374 1254 563 1311 dissociabilis

106 1324 218 1375 Terras.

57 1395 99 1449 [oc
117 1400 170 1461 est,
188 1400 222 1443 ut
238 1390 430 1455 hodiemoris
448 1400 489 1445 eet
505 1390 638 1459 scrihere,
658 1390 848 1444 dissociabibes.
875 1392 1000 1457 Fnietra,

57 1461 151 1533 equit,
179 1460 361 1531 providentia
379 1460 434 1512 Dei
453 1470 543 1513 terrae
561 1461 611 1513 has
630 1462 666 1513 ab
685 1460 893 1512 illie·consulto
911 1459 1002 1512 abaci·

57 1532 87 1598 it,
106 1528 184 1583 mari
201 1530 356 1582 utteriuso:
383 1529 525 1598 siquidem
544 1529 673 1581 homines
690 1545 770 1581 mare
789 1528 865 1580 illud
882 1528 1002 1581 nasibus

57 1598 207 1663 nimium,
231 1605 261 1647 et
276 1607 365 1650 terras
382 1599 423 1648 sic
441 1615 458 1648 a
475 1594 537 1649 Deo
554 1598 716 1650 dissociatas
734 1596 908 1649 commercio
923 1602 1003 1647 anter

57 1686 64 1720 t
86 1668 222 1719 miscent.
258 1665 332 1717 Sane
357 1674 387 1715 et
411 1665 503 1717 oratio
528 1666 587 1718 iam
612 1674 640 1717 et
666 1664 806 1717 sententia
829 1673 895 1717 eunt
921 1662 1001 1716 omni
1066 1664 1070 1679 ¹

57 1744 172 1805 aperte
199 1733 456 1787 commodissimae.
503 1735 546 1785 Ita
569 1735 674 1785 Statius
699 1732 831 1799 Siciliam
854 1733 891 1786 ab
916 1731 1003 1785 Italis

57 1805 213 1856 issociatam
229 1818 288 1856 esse
307 1810 456 1869 memorat,
476 1800 544 1854 Silv.
564 1803 587 1866 I,
610 1818 634 1863 3.
655 1819 681 1852 v.
702 1818 745 1867 32.
982 1804 1002 1829 '-

230 1881 236 1891 '
326 1870 366 1920 sic
384 1869 535 1922 dissociata
551 1869 684 1937 profunda

104 1938 203 1990 Brutia
221 1939 360 1989 &eonium
378 1938 557 2006 circumspicit
573 1956 623 1989 ora
642 1936 775 1990 Pelorum.

57 2006 167 2059 'sutilius
185 2006 254 2059 ltin.
276 2009 298 2071 1,
319 2014 380 2074 330.
720 2011 723 2015 ’

106 2076 226 2129 Eminus
242 2077 261 2124 Ι
279 2075 323 2125 ilii
338 2074 438 2125 silvosa
456 2075 596 2124 eacumina
615 2075 706 2137 miror,

142 2141 235 2210 Quam
244 2094 379 2208 Jiaudare
399 2143 477 2209 nefas
495 2142 585 2199 laudis
601 2140 700 2191 battare
718 2158 792 2205 sitae,

104 2213 221 2278 Gurgite
240 2229 300 2260 cum
318 2212 418 2262 modico
436 2210 591 2260 uictricibus
610 2210 713 2260 obstitit
731 2211 821 2272 arratis,

149 2279 300 2348 Tamquam
318 2280 462 2346 longinquo
481 2278 632 2329 dissociata
649 2280 727 2329 mari.

57 2346 139 2401 torus
156 2347 196 2415 II,
218 2358 244 2409 3.
280 2348 416 2397 Euboeam
432 2348 550 2397 insulam
567 2334 715 2396 continenti
735 2344 938 2400 adhaerentem,
966 2345 1011 2384 te*
1080 2398 1083 2413 l

57 2419 94 2467 tui
110 2418 189 2483 freto
216 2416 444 2481 reciprocantibus
477 2418 554 2482 aquis
583 2416 700 2485 Euripus
730 2410 859 2486 abscidit.
910 2402 1010 2459 Valeri·

57 2483 160 2539 flaccus
177 2484 217 2551 11,
237 2483 298 2552 615.
612 2492 614 2497 ⁴

397 2552 537 2620 Asiamque
554 2564 716 2617 prementem

111 2624 137 2672 E
142 2620 223 2687 sugit
241 2618 363 2686 abruptis
381 2621 491 2686 Europa
510 2621 652 2669 immanior
669 2621 732 2675 oris.

142 2708 173 2739 as
191 2690 273 2739 etiam
289 2697 379 2740 terras
396 2700 518 2738 conserta
537 2706 568 2737 ue
585 2687 710 2754 gentibus
728 2702 803 2748 arua,

112 2758 158 2808 Sic
175 2757 273 2823 pelago
290 2758 413 2823 pulsante
432 2773 498 2821 reor,
549 2757 659 2823 eptunia
676 2754 810 2821 quandam

114 2826 213 2891 Cuspis
231 2837 256 2874 et
275 2827 380 2889 adversi
399 2826 494 2891 longus
513 2825 590 2874 babor
607 2823 729 2875 abscidit
747 2821 815 2884 aevi,

115 2895 152 2942 Ut
170 2893 290 2943 Siculum
307 2893 487 2962 Libycumque
505 2893 585 2944 butus.

57 2959 85 3012 Et
100 2961 202 3013 eodem
221 2959 316 3044 Plane,
336 2974 392 3031 ¹quo
409 2970 515 3026 noster,
535 2978 626 3028 sensu,
646 2961 709 3009 bene
730 2960 861 3026 disseptas
877 2971 894 3006 a
910 2959 1013 3005 natura

57 3036 135 3081 terrae
159 3030 201 3082 ait
220 3032 343 3091 baneam
373 3041 456 3099 atque
480 3029 613 3098 improbe
637 3029 746 3080 factum
770 3028 805 3078 ab
829 3021 1012 3101 Argonautiej

58 3098 122 3163 quod
139 3098 230 3168 primi
248 3115 328 3150 mane
346 3106 542 3151 transcurrere
560 3099 623 3150 ausi
637 3098 813 3150 commercia
829 3099 917 3146 teuta
934 3105 1012 3142 exer·

62 3177 156 3220 terent.
191 3168 297 3219 Medea
314 3174 373 3234 535.

118 3235 242 3287 Candida
259 3239 344 3286 nostri
361 3236 469 3288 saecula
487 3249 578 3305 patres

119 3305 218 3356 Videre
237 3306 330 3371 procul
340 3304 443 3371 fraude
462 3320 571 3357 rernota.

119 3374 172 3424 naa
191 3374 301 3442 quisque
318 3376 396 3440 piger
414 3377 497 3424 litora
514 3389 629 3440 inungens

119 3443 263 3509 Patrioque
283 3459 364 3493 senaa·
374 3444 470 3510 factus
487 3445 517 3493 in
535 3461 609 3506 arvo,

119 3510 208 3559 Parvo
227 3510 321 3570 dives;
340 3513 394 3562 nisi
411 3528 477 3580 quas
496 3510 596 3562 tulerat

119 3576 220 3633 Natate
241 3580 330 3634 solum
347 3597 400 3634 uon
416 3593 496 3634 norat
518 3597 590 3648 apes.
