2250 3990
315 261 518 305 craumers
556 265 626 313 nra.
662 246 689 311 I.
922 257 986 319 tue

39 362 89 399 tro
107 342 283 409 nominasset
321 342 447 394 ermultcs
465 344 544 412 illos,
573 342 624 416 q'ui
645 341 792 399 Creticum
808 347 911 401 vinum
927 358 988 405 tam

38 428 194 493 ‚agnopere
221 361 396 482 praedicent.
434 413 569 465 Clemens
593 424 670 465 certe
694 415 901 470 Alexandrinus
927 436 986 475 uno

39 482 141 545 exhalo
165 480 220 531 hoc
247 480 361 547 laudet,
393 472 408 532 ὁ
437 476 545 549 daddus
564 480 613 534 nal
629 475 751 542 εὔπνους
771 480 904 555 Λέσβιος,
938 486 1002 541 aal'

39 546 103 621 ’ρής
118 566 161 609 τις
178 545 297 615 γλυκύς,
319 550 452 599 Creticum
469 552 602 617 quoddam
620 552 712 601 uinum
730 552 805 603 dulce
822 556 984 622 asinellansr

39 638 52 684 ;ρ
68 620 110 671 sic
125 614 261 669 Aelianus
281 621 345 681 Ver.
364 618 436 669 Hist.
457 616 590 687 1111351.
628 614 739 677 ΙἎνκύς
757 638 814 687 τις,
836 615 884 673 eal
905 622 986 692 Κρὴς

39 688 112 751 ἕλος.
145 685 200 738 Sed
218 685 318 756 quale,
346 688 465 753 amabo,
494 687 569 738 illud
588 688 799 739 vinumdaice?
828 707 886 742 non
906 692 987 745 aliud
1014 697 1018 703 ’

39 774 111 809 nm
129 754 256 821 Passum,
282 755 358 825 quod
379 754 496 824 quidem
519 755 621 807 Cretae
639 764 781 824 optimum
798 758 892 813 fiebat.
928 762 987 813 Pli-

39 828 92 877 ἰω
110 822 179 892 xlv,
204 840 230 892 9.
269 824 381 891 Passum
401 840 418 873 a
435 822 549 891 Cretico
572 825 699 877 Cilicium
715 825 851 892 probatur,
868 841 895 877 et
914 830 987 895 Afri.

39 910 102 959 ιιῃ,
129 897 154 943 'et
173 892 325 958 in'ltalia,
351 891 536 962 finitimisque
554 895 712 961 provinciis.
752 892 896 949 Iuvenalis
912 898 986 967 XIV,

39 968 86 1013 vc'.
103 960 137 1012 de
153 969 323 1027 mercatore,

92 1028 148 1148 gai
163 1030 267 1095 gaudes
286 1030 395 1098 pingue
413 1029 542 1098 antiquae,
560 1028 592 1081 de
610 1030 688 1081 litore
707 1029 809 1093 Cretae

114 1113 216 1163 auum,
236 1111 261 1148 et
271 1100 428 1165 'aranieipes
445 1100 521 1149 Iovis
535 1097 676 1151 accesisse
695 1099 817 1166 lagenas.

39 1163 168 1217 lartielis
190 1164 291 1237 Epigr.
314 1166 391 1235 XIII,
414 1167 473 1220 106.

47 1242 65 1251 “
103 1246 107 1251 ·
145 1287 153 1299 ,
396 1268 400 1276 ·
555 1233 672 1287 Passum
751 1242 755 1249 '

95 1300 209 1353 Cnossie
225 1298 338 1351 Minoae
354 1303 448 1367 genuit
465 1303 494 1352 υἱ
532 1306 601 1354 ernr'a
619 1303 720 1355 Cretae

127 1370 186 1421 Hoc
205 1370 263 1433 ribi,
283 1370 352 1436 quod
370 1302 645 1441 miilsumniauperis
668 1388 723 1429 esse
741 1370 823 1423 solet·

39 1440 163 1489 'eterum
186 1436 297 1487 Passum
314 1439 385 1508 quid
402 1442 439 1491 sit
459 1449 488 1491 et
509 1439 751 1508 quemadmodum
767 1440 830 1508 sut,
850 1454 884 1490 ex
902 1436 989 1491 Colu-

39 1504 114 1583 rella
138 1506 230 1558 disces
246 1506 313 1575 XII,
334 1524 377 1576 59.
403 1516 432 1559 et
451 1508 579 1561 Palladio
602 1509 635 1559 in
655 1508 757 1561 O'ctcb.
782 1526 807 1561 e.
830 1523 868 1577 ¹9·
887 1514 989 1559 et'cur

39 1586 124 1643 trigae
151 1584 180 1625 et
206 1578 331 1640 pauperis
356 1578 470 1627 inuisam
499 1577 635 1629 Iuvenali·
656 1574 843 1645 MartIalique,
865 1575 989 1641 dicatum

39 1646 114 1697 nobe
135 1641 296 1709 iutelliges;
322 1646 429 1714 quippe
446 1664 478 1695 er
492 1647 555 1695 avis
573 1645 660 1712 passis
676 1646 706 1695 ia
723 1645 813 1710 praelo
831 1646 989 1710 compressis

39 1706 171 1777 bieria-n
191 1712 326 1762 tandum
342 1714 469 1776 vasculo,
488 1713 576 1763 mellis
594 1729 676 1777 ruore,
693 1725 823 1763 servatur.
859 1714 920 1763 lain
939 1728 988 1763 au·

39 1788 87 1831 tra
103 1776 284 1849 praeterires
303 1781 391 1831 modo
411 1780 549 1846 laudatos,
571 1781 621 1849 qui
641 1796 752 1849 passum
764 1779 911 1831 Creticum
929 1797 989 1848 me-

39 1846 147 1923 aanor,
167 1862 241 1915 nego
261 1846 337 1899 ullos
354 1858 484 1901 veterum
501 1850 695 1901 Romanorum
712 1846 773 1901 vini
786 1846 892 1897 Cretici
910 1864 989 1899 men·

39 1914 135 1969 bouem
153 1916 258 1970 iacere.
296 1916 373 1986 Quid
392 1919 482 1985 erga?
502 1918 595 1969 faceta
614 1933 682 1968 sane
700 1925 728 1966 et
744 1912 931 1973 ridiculares
950 1932 991 1967 es·

39 1990 88 2053 let,
107 1986 129 2039 si
146 1990 190 2037 tot
206 1986 265 2037 ceri
281 1985 407 2052 sodales,
438 1996 498 2038 tem
515 1984 630 2053 pulchra
647 1987 684 2038 oli
704 1984 846 2035 Numidae
866 1982 992 2035 reditum

39 2046 88 2121 dis,
103 2053 178 2106 nihil
197 2054 254 2105 uisi
270 2071 379 2121 passum
397 2056 552 2121 sorberent,
574 2054 620 2106 vel
638 2054 782 2120 lingerent
803 2051 903 2120 potius.
934 2052 990 2103 Ha·

39 2112 98 2175 teat
119 2124 148 2175 id
167 2122 222 2174 sihi
241 2121 320 2174 domi
337 2124 516 2187 lietduinus,
550 2132 609 2174 tem
633 2122 725 2175 bellae
753 2119 990 2174 comnussationie

39 2200 120 2244 motus
147 2189 295 2260 Magister.
337 2191 428 2260 Quid,
462 2191 538 2259 quod
561 2192 586 2242 si
604 2206 693 2242 aotam
712 2190 773 2242 vini
790 2189 925 2242 voluisset
942 2190 989 2240 hic

39 2253 136 2327 Noster,
156 2260 275 2323 omuino
293 2259 397 2311 Chium
421 2262 514 2329 potius
535 2277 620 2328 quarn
638 2260 785 2312 Creticum
806 2259 949 2325 elegisset,¹

101 2329 167 2385 chii
190 2346 222 2378 ne
242 2342 332 2378 careat
349 2328 462 2395 pulchra
482 2330 539 2379 dies
556 2342 628 2379 nota.

39 2404 66 2449 tlt
82 2396 169 2468 Epod.
190 2398 237 2448 lx.
257 2395 329 2466 petit
347 2398 397 2446 Aut
416 2396 486 2447 Chia
503 2401 568 2446 vina
582 2410 628 2446 aut
645 2395 760 2446 Lesbia:
779 2405 807 2447 et
824 2396 918 2447 Carm.
936 2395 988 2461 III,

38 2482 75 2535 19.
120 2466 180 2585 Suo
200 2464 297 2514 Chium
311 2466 398 2531 pretio
416 2467 511 2515 radron
536 2477 680 2528 mercetur,
710 2466 878 2531 interrogat.
921 2465 993 2516 Satis

39 2550 100 2586 rere
143 2551 158 2585 e
179 2532 240 2587 viui
266 2535 350 2600 copia
374 2535 519 2601 provisum
541 2538 631 2583 estin
652 2550 733 2584 versu
751 2544 901 2597 sequente,
930 2533 993 2582 Neu

39 2615 151 2655 arcmtae
171 2603 265 2651 modus
284 2599 442 2668 amphorae,
459 2601 511 2652 ubi
531 2600 606 2651 illud
627 2618 678 2650 neu
698 2601 783 2668 plene
805 2602 929 2668 indicat,
949 2602 993 2651 rti-

39 2670 75 2737 hil
93 2680 177 2722 autea
195 2668 232 2721 de
248 2670 315 2721 rino
335 2669 444 2720 dictum
465 2687 531 2721 esse.
575 2669 652 2719 Mihi
673 2670 791 2737 quidem
810 2669 907 2721 omnia
930 2683 993 2736 per·

39 2737 171 2809 pendenti
189 2737 271 2789 nulla
288 2738 386 2790 verior
403 2738 515 2788 videtur
533 2737 702 2806 explicatio,
730 2754 816 2808 quani
839 2747 871 2787 ut
897 2739 992 2787 Cressa

39 2821 97 2859 rota
115 2824 168 2878 pro
189 2820 277 2857 cretae
301 2806 347 2865 rel
373 2820 461 2856 cretea
485 2819 548 2855 nota
568 2806 705 2875 caplatur.
749 2807 863 2874 Quippe
888 2806 994 2874 priscos

39 2876 151 2929 Latinos
169 2888 270 2939 cretae,
302 2876 337 2928 ab
359 2875 453 2926 insula
472 2875 556 2925 Creta
580 2874 655 2925 unde
677 2890 740 2924 eam
761 2874 873 2941 glebam
894 2874 996 2925 advec-

39 2960 92 2997 am
118 2943 319 3011 erediderunt,
355 2960 461 2995 nomen
484 2942 620 2993 indidisse
645 2958 713 2992 vero
736 2942 918 2993 simillimum
943 2951 992 2995 est.

39 3016 75 3067 lta
93 3030 162 3066 sane
184 3011 321 3078 Isidorus,
342 3013 393 3063 etsi
412 3020 509 3063 auctor
527 3028 585 3062 uon
603 3011 742 3080 optimus,
765 3011 846 3075 Oria.
866 3011 944 3074 XVI,
970 3027 994 3061 1.

39 3096 122 3145 treta,
150 3080 259 3149 inquit,
278 3081 319 3147 ab·
331 3081 421 3130 insula
441 3081 535 3144 Creta,
555 3080 601 3129 ubi
618 3080 713 3128 melior
730 3091 776 3129 est.
816 3080 996 3149 Quamquam

39 3156 111 3203 raim
133 3149 267 3215 Graecis,
298 3150 400 3233 auibus
423 3166 509 3217 parva
528 3147 623 3199 insula
645 3146 771 3199 Cimclos
790 3147 862 3199 bene
881 3147 996 3214 cognita

39 3230 107 3286 erat,
139 3216 175 3283 γῆ
193 3218 320 3282 Κιμωλια
339 3231 411 3267 terra
428 3217 546 3267 Cimolia
563 3217 685 3267 vocitata
703 3225 757 3280 θείς
783 3215 880 3267 Latini
898 3224 997 3266 temen

39 3305 47 3341 ι
72 3286 185 3340 maiore
211 3295 239 3337 et
261 3284 404 3337 nobiliore
428 3284 535 3351 insula,
587 3301 639 3337 uae
666 3283 777 3336 Cimolo
803 3284 899 3336 vicina
926 3288 995 3351 erat,

39 3370 133 3407 :reram
152 3356 257 3406 vocare
276 3363 422 3423 poterant:
451 3353 496 3404 vel
515 3303 591 3423 qudd
615 3370 631 3403 a
652 3353 746 3403 nautis
764 3352 838 3404 forte
857 3353 998 3405 Cretensi·

39 3442 84 3479 rue
104 3422 305 3475 adveheretur.
343 3424 406 3475 Iam
423 3422 512 3491 igitur
529 3423 552 3473 si
572 3434 644 3471 creta
661 3421 727 3473 ideo
747 3422 823 3473 dicta
842 3429 897 3484 est,
931 3422 999 3489 quia

39 3511 105 3545 erra
124 3494 222 3543 Cressa
240 3490 459 3557 existimaretur,
479 3490 582 3560 quidni
599 3489 740 3558 Horatius,
760 3496 792 3540 ut
809 3490 929 3541 verbum
947 3490 1000 3539 hu·

39 3561 103 3617 nile
120 3562 258 3627 evitaret,
291 3561 414 3611 Cressam
434 3572 529 3609 arctam
547 3574 598 3626 pro
616 3570 703 3609 cretae
721 3570 785 3608 nota
803 3567 832 3609 et
848 3556 999 3626 splendide

39 3640 59 3687 tt
79 3630 230 3700 eleganter
249 3628 376 3687 dixerit?
394 3626 474 3683 idem
490 3636 587 3682 umen
606 3626 846 3717 insermcaibus,
866 3625 917 3677 uui
933 3640 1001 3695 pre·

599 3712 609 3737 t
