2250 3990
366 292 569 335 crastiuum
608 295 678 339 nra.
711 277 738 337 1.
968 283 1031 349 101

131 371 257 423 Aream
267 388 344 423 arma
360 373 498 443 fremunt,
518 377 602 427 armis
619 376 759 445 defendere
777 394 867 445 regem

132 438 312 492 Consentiunt.

57 506 166 561 hocius
184 508 218 559 in
237 508 369 578 Epigono
387 510 463 579 apud
482 476 611 563 Nonium
629 512 795 578 V.'vulgus.·

125 575 357 643 NonneArgivcs
370 579 493 631 fremore
510 580 620 643 bellum,
638 592 664 628 et
680 581 749 630 veile
763 583 792 631 vi
803 582 915 649 uulgum
928 584 1025 637 uidet?
1116 608 1122 617 ·

57 644 133 695 i'um
154 654 255 697 autem
272 646 347 697 illud
367 660 499 698 cessantes
515 647 585 717 quid
604 647 660 698 sihi
677 647 762 715 velit,
781 649 847 702 satis
865 651 964 704 videor
980 656 1026 705 in·

57 712 211 781 alligeros
230 716 379 766 auserim
393 725 543 781 morantes,
562 716 707 768 tardantes
725 724 817 782 notat,
837 728 886 770 aut
903 722 1023 791 quietos,

57 782 188 851 tacetur,
218 782 278 835 otio
296 782 414 835 deditos.
452 786 550 853 Neque
574 801 642 836 vero
667 785 832 843 utramlibet
855 786 1027 867 interpreta-

57 866 171 903 ionem
188 866 342 919 aspernor:
370 851 466 904 nescio
492 862 603 919 umen,
632 870 669 903 an
687 855 783 931 potius
802 856 950 924 scriptam
968 860 1026 910 No·

57 926 114 975 ster·
139 932 292 971 cursantes.
333 921 719 986 Adarmacursere,·ut1n
757 938 820 974 rosa
838 924 964 977 oratione
982 927 1027 987 tli-
1114 954 1117 961 ·

57 1002 122 1057 :pre
139 986 252 1055 solent,
277 988 313 1039 ad
331 1006 407 1041 arena
423 990 581 1041 discurrere.
614 988 714 1041 Livius
789 992 841 1057 IV,
871 1005 913 1059 31.
950 992 1026 1047 Haec

57 1074 115 1107 eum
135 1056 258 1107 recitata
274 1062 376 1122 essent,
406 1074 466 1107 crem
483 1070 559 1108 tanta
577 1057 692 1108 clamore
716 1060 752 1108 ad
776 1076 854 1109 arma
875 1062 1026 1114 discursum

57 1136 106 1189 ut,
138 1138 173 1175 ut
192 1136 244 1175 eto.
286 1125 368 1177 idom
391 1126 479 1195 XXV,
509 1142 552 1245 55.
595 1126 662 1175 Inde
680 1144 756 1177 versa
776 1141 882 1195 repente
902 1130 937 1179 ad
955 1131 1026 1181 iram

57 1194 141 1258 netu,
160 1193 314 1245 discurrere
333 1194 369 1245 acl
385 1212 471 1245 arma.
506 1194 520 1245 1
542 1208 596 1265 qne
621 1195 739 1247 verbum
765 1195 898 1265 apprime
922 1214 1026 1251 conre-

57 1264 100 1317 rit
126 1276 202 1313 cum
218 1261 342 1327 fremens
361 1270 391 1313 et
407 1264 537 1324 concitet,·
566 1270 598 1313 ut
619 1262 697 1315 idern
723 1263 799 1316 libro
824 1264 953 1331 xxxiv,
979 1279 1024 1337 37.

57 1328 134 1381 Haec
153 1330 228 1381 inter
244 1348 272 1381 se
287 1334 375 1411 primo
392 1332 422 1381 in
441 1332 550 1382 circulis
565 1345 681 1382 serentes
697 1332 837 1391 fremere3
867 1334 962 1385 deinde
986 1334 1026 1387 ati

57 1405 138 1457 usna
157 1397 248 1449 subito
266 1398 462 1451 discurrerunt
512 1400 550 1450 Et
565 1399 673 1453 Seneca
684 1399 725 1457 ,de
744 1402 792 1453 Ira
809 1402 870 1467 Ill,
889 1416 913 1457 a.
954 1402 1025 1455 Tota

62 1466 206 1518 multitudo
222 1470 392 1533 paucissimis
413 1468 501 1518 verbis
518 1468 677 1536 concitata,
705 1471 791 1536 ipaem
816 1470 1025 1525 concitatorem

64 1536 221 1585 antecessit:
238 1533 274 1587 ad
291 1553 371 1589 arma
386 1538 511 1604 protinus
528 1537 655 1615 ignesque
673 1535 831 1602 discrusum
848 1547 897 1591 est.
919 1540 1027 1608 Quam·

66 1604 162 1655 obrem
188 1603 366 1671 consideres,
404 1603 494 1657 lector
523 1606 698 1673 ingeniose‚'
720 1623 757 1658 nn
781 1614 857 1659 totus
879 1606 961 1661 locus
983 1609 1027 1661 sic
1117 1668 1120 1672 ,

67 1671 278 1725 constituendus
294 1672 346 1727 sit:

366 1759 419 1791 neu
435 1741 550 1808 populns
567 1739 694 1795 fremens

130 1808 173 1860 At
192 1826 269 1859 anna
287 1818 434 1859 cursantes
452 1810 487 1858 ad
505 1826 581 1859 arina

104 1902 109 1909 ·
165 1878 508 1945 concirentmperinmque
519 1878 650 1944 frangat.

66 1944 117 1999 Seri
133 1946 280 2015 profecto,
310 1944 370 1997 sive
387 1941 531 2007 virtualem
556 1945 711 1996 lectionem
729 1943 873 2014 sequens,
901 1943 959 1996 sire
976 1961 1029 1998 no·

64 2025 149 2075 stram
168 2014 379 2074 coniecturarns
409 2022 484 2065 totus
509 2014 619 2065 interea
647 2013 727 2065 locus
744 2012 961 2082 reprehensioni
979 2015 1029 2065 oh-

66 2085 164 2137 notius
181 2090 231 2134 est.
268 2082 326 2151 Qui
344 2082 422 2135 enim
440 2081 486 2133 illi
504 2091 578 2148 sunt,
619 2099 668 2133 uos
682 2081 811 2151 populus,
830 2080 876 2132 vel
886 2080 1028 2149 frequens,

67 2152 110 2204 rel
121 2152 255 2219 fremens,
275 2150 310 2201 ad
328 2168 408 2203 arina
427 2150 553 2203 concitet
569 2101 615 2203 vel
633 2166 781 2216 cessantes,
801 2150 848 2203 vel
869 2149 1027 2200 cursantes?

64 2224 108 2274 An
124 2219 216 2288 aliqui
236 2228 331 2286 erant,
350 2238 428 2288 qnos
452 2219 573 2289 populus
600 2221 772 2286 concitaret,
803 2227 916 2299 praeter
933 2218 1029 2288 ipsum

84 2289 226 2358 apulum?
263 2291 306 2339 Au
328 2289 553 2357 praemessuit,
585 2297 613 2340 ct
638 2287 719 2340 aulae
737 2287 904 2340 ministros?
942 2285 1029 2336 intel·

62 2308 138 2427 ligo:
157 2354 207 2408 sed
224 2356 257 2407 in
274 2356 343 2425 ipsis
361 2356 484 2409 auctoris
503 2357 596 2407 verbis
615 2357 692 2407 nihil
710 2357 808 2424 video,
830 2355 906 2425 quod
926 2372 957 2405 eo
976 2371 1028 2406 nos

63 2428 158 2479 diicat.
203 2424 300 2493 Quare
323 2435 372 2476 aut
392 2425 477 2476 altius
494 2426 564 2476 latet
583 2426 735 2491 mensium,
759 2435 815 2485 ¹suu
833 2441 884 2495 per
902 2440 948 2475 me
967 2421 1031 2492 qui-

63 2496 130 2547 dem
151 2493 204 2545 alii
223 2494 373 2544 Horatium
391 2494 438 2543 hic
457 2502 597 2559 excusent,
617 2493 667 2562 qui
686 2493 776 2544 velint
793 2502 842 2543 ant
860 2493 977 2559 possint.

100 2581 141 2634 η.
166 2563 204 2612 Τε
221 2579 322 2629 semper
340 2565 424 2612 anteit
440 2580 522 2612 saeua
535 2560 699 2627 Necessitas]
719 2561 816 2613 Editio
828 2563 935 2611 Veneta
955 2569 1029 2629 1478.

64 2635 157 2694 Serva,
177 2628 315 2681 Loscheri
333 2639 427 2681 autem
448 2642 521 2698 1493.
552 2633 653 2681 Saena:
673 2639 751 2681 etex
771 2647 805 2679 co
824 2638 953 2694 tempore
972 2645 1026 2697 pro

63 2702 178 2755 diverso
196 2700 390 2768 interpretum
408 2699 517 2750 iud1cio
538 2716 615 2750 nunc
633 2698 719 2764 haec,
751 2714 828 2749 nnnc
853 2696 905 2748 illa
924 2713 976 2747 vox
994 2694 1030 2745 li·

62 2771 130 2823 lrros
159 2769 318 2834 occupavit.
365 2768 552 2818 Membranae
579 2784 692 2837 quoque
718 2766 749 2816 in
775 2766 884 2816 diversa
908 2767 1028 2828 abanan

63 2836 191 2905 Cruqnii
217 2836 325 2905 aliquot
350 2837 481 2888 omniurn
505 2836 674 2888 veterrimae
699 2851 765 2886 cum
786 2837 897 2885 Acrone
917 2843 946 2883 et
963 2834 1032 2883 Por·

84 2906 209 2973 hyrione
228 2906 309 2955 Serva
332 2904 454 2969 habent:
483 2920 517 2957 ex
541 2905 645 2957 nostris
670 2920 767 2954 ornnes
791 2901 919 2954 melioris
937 2909 1029 2966 notae,

90 2974 152 3025 eid.
169 2973 273 3040 Regin.
296 2974 397 3025 Graevl
418 2972 527 3023 Zulich.
548 2975 620 3026 Batt.
640 2974 715 3023 Patr.
739 2970 826 3039 Gale,
859 2977 888 3020 et
905 2987 920 3021 a
939 2968 1033 3038 prima

64 3059 155 3095 manu
180 3042 252 3110 Reg.
270 3041 334 3093 Sco.
363 3046 463 3092 Saena:
495 3041 603 3094 duabus
629 3049 740 3097 tantum
766 3056 800 3090 ex
823 3038 1033 3089 recentioribus

66 3112 100 3162 ah
128 3109 220 3161 altera
245 3110 367 3161 lectione
393 3109 541 3165 stantibus.
588 3111 660 3162 Sane
687 3107 780 3159 facilis
807 3117 868 3158 erat
892 3106 1035 3157 Librariis

66 3179 173 3231 erratio
196 3177 227 3229 in
244 3178 362 3231 vocibus
387 3189 445 3230 tarn
463 3178 540 3229 inter
558 3196 586 3231 se
605 3175 760 3230 similibus:
793 3174 868 3226 tunde
894 3184 922 3226 et
948 3190 1034 3244 supra

67 3248 162 3299 Carm.
184 3247 207 3303 I.
231 3250 270 3297 16.
289 3265 337 3297 nec
356 3265 428 3297 marc
448 3248 620 3314 naufragum,
641 3247 700 3295 Nec
718 3263 814 3296 saevus
832 3245 914 3311 ignis,
934 3243 963 3294 in
977 3244 1033 3293 Re-

68 3315 177 3384 ginensi
196 3332 212 3366 a
230 3314 325 3384 prima
342 3332 431 3367 manu
449 3325 510 3367 erat
528 3317 625 3365 Servus
642 3316 723 3379 ignis.
767 3315 839 3364 Utra
864 3311 953 3379 igitur
976 3311 1035 3361 lec·

68 3385 107 3437 tio
128 3384 296 3451 sequenda?
331 3384 480 3449 Proiecto,
513 3384 568 3435 nisi
588 3382 700 3433 codices
724 3380 928 3447 turbavissent,
958 3377 1035 3430 nihil

69 3453 174 3505 melius
192 3469 279 3521 quam
295 3470 377 3503 saeua
395 3454 539 3502 necessitas
557 3450 796 3503 desideraremus:
826 3450 866 3501 sic
893 3449 970 3501 enirn
990 3466 1037 3498 ea·

71 3521 134 3573 ciem
152 3522 231 3584 dura,
249 3521 320 3584 dira,
339 3517 443 3583 acerba,
463 3515 551 3587 δεινὴ,
569 3514 699 3586 κρατερὴ,
719 3514 826 3585 σχετλία
836 3525 890 3569 etc.
911 3516 1035 3568 dicitur:

72 3591 237 3659 optimeque
253 3588 285 3640 id
303 3589 451 3659 epitheton
469 3606 535 3640 cum
552 3587 735 3656 sequentibus
749 3584 878 3655 quadrat,
898 3586 949 3636 ubi
965 3581 1041 3635 clari

74 3668 102 3711 et
119 3658 207 3715 cunei
230 3666 260 3711 et
276 3674 368 3713 uncus
391 3659 424 3711 in
448 3658 540 3714 ahana
558 3656 619 3711 eius
635 3671 723 3709 manu
740 3663 895 3725 gestantur.
931 3654 1046 3706 Tamen
