2250 3990
75 152 140 222 ist
362 172 394 225 o.
430 168 589 213 eneicit
621 170 754 219 enices

75 256 125 309 hio
157 249 279 306 describi
315 260 391 305 certo
419 252 525 305 certius
561 259 602 309 nst
627 270 662 307 ex
687 254 739 323 iis,
778 268 852 325 quse
878 252 938 313 steti

81 333 216 396 eluuntur,
790 328 793 333 '

149 392 238 459 Quam
253 408 302 440 nec
313 390 391 457 ferre
406 391 499 459 pedem
516 390 638 449 dedecuit
660 389 766 460 choris,

148 460 209 510 Nec
227 473 327 509 certare
345 461 412 524 ioco,
431 477 478 510 nec
497 460 562 509 dare
581 459 694 517 brachia

150 526 297 581 Ludentem
318 528 411 579 nitidis
429 528 588 594 virginibus,
608 544 689 581 sacro

282 597 389 654 Dianae
408 597 519 647 celebris
536 596 588 653 die,

82 666 197 737 Quippe
222 665 254 716 in
278 665 364 717 sucris
387 663 571 717 sollemnibus
595 680 653 717 non
678 661 735 715 nisi
759 662 879 717 Liberat
898 670 926 717 et

84 746 146 801 stas,
166 750 219 787 seu·
236 733 366 800 Virgines
382 750 432 787 sen
449 734 612 803 Metronns,
632 730 769 785 saltitesse
787 734 938 813 compertis

85 813 141 857 est:
161 805 262 855 Noster
283 803 314 853 in
334 805 401 853 Arte
418 820 445 854 v.
465 815 544 869 232·v

100 876 126 885 ''
157 874 191 923 Ut
208 872 286 923 iestis
302 872 440 923 Matrona
457 872 558 921 moveri
575 870 650 921 iussa
666 869 767 928 diebus.
846 892 849 899 ·
876 900 893 923 v

86 948 115 995 et
131 941 225 993 Ce'rm.
250 943 296 1006 lV,
316 940 340 994 6.

17 1008 21 1041 t
159 1009 300 1076 Virginum
317 1009 429 1137 prima,
445 1009 572 1078 puerique
589 1006 672 1065 elaris

239 1076 365 1126 Patribus
389 1074 392 1079 ’
426 1077 444 1126 ἰ.

87 1144 148 1197 Nec
165 1152 326 1197 matronam
343 1152 469 1208 tentum,
498 1142 593 1196 sedet
613 1141 744 1195 nobilem
763 1148 791 1193 et
811 1137 938 1210 primorie

88 1212 258 1279 Licymniae
274 1211 358 1263 titulo
378 1212 542 1265 delitescere
560 1211 658 1269 velex
674 1214 761 1264 serbo
780 1209 835 1263 illo
853 1210 938 1261 &decu

89 1283 208 1333 obscure
226 1280 386 1349 intelligas:

94 1370 99 1379 ·
159 1348 247 1414 Quam
264 1347 400 1414 necserre
418 1350 512 1416 pedem
529 1349 662 1402 dedecuit
680 1346 784 1399 choris.-

90 1417 189 1484 Neq'ue
208 1419 285 1469 enim
304 1416 469 1486 perieulum·
483 1427 560 1486 eret,
590 1434 627 1469 ne
652 1419 728 1468 inter
752 1417 874 1483 virgines
890 1418 938 1469 leet

90 1494 151 1536 tare
164 1485 259 1538 cuivis
278 1486 421 1539 foeminae
440 1488 563 1538 dedecori
581 1494 659 1549 esset,
682 1492 798 1554 excepte
816 1485 938 1537 lorteLis

89 1552 165 1673 {⁰⁵5
185 1554 232 1607 vel
248 1554 383 1608 Terentia
401 1556 599 1621 Maecenatis,
618 1552 663 1605 vel
684 1552 818 1618 Octavii,
841 1553 929 1607 aliave

111 1621 250 1693 ilissimis,
286 1640 408 1695 quarum
431 1623 508 1677 inira
533 1622 702 1691 dignitatem
726 1621 756 1672 id
781 1639 840 1673 esse
861 1638 938 1675 seven

90 1691 188 1743 videri¹
201 1691 302 1762 potuit.
338 1693 451 1747 Fic'tnm
467 1693 564 1763 itaque
580 1707 687 1743 nomen
705 1700 746 1740 est
763 1689 921 1757 Licymnia5

90 1760 205 1811 'rentiam
225 1761 341 1831 quidem
362 1760 491 1815 denotari
511 1760 572 1813 veri
594 1766 636 1809 est
656 1756 848 1810 simillimum.
883 1758 935 1811 sed

58 1867 61 1887 2
90 1829 183 1883 vende
201 1841 266 1883 sunt
290 1829 446 1900 imprimis,
478 1846 549 1897 quae
570 1827 716 1895 subiungit
733 1825 914 1893 Scholiastes,

89 1914 199 1949 numero
225 1899 402 1967 syllabarum,
421 1897 654 1949 commutationem
680 1896 818 1949 nominum
838 1895 918 1961 fecit.

89 1965 165 2018 boc'i
190 1982 282 2036 neque
301 1965 401 2017 eodem
412 1960 618 2016 tantummodo
636 1980 759 2026 numero,
787 1962 835 2013 sed
857 1972 886 2014 et
902 1980 938 2031 qu

90 2032 273 2100 syllabarum.
309 2034 346 2082 Et
365 2032 429 2083 dete
449 2031 670 2109 quidem'opeie
688 2031 718 2082 id
736 2048 752 2083 e
770 2030 862 2099 po'e'tis
878 2032 938 2085 leot

90 2101 193 2167 utqui
214 2101 337 2151 einerei
359 2100 466 2149 conscii
490 2105 598 2165 essent,
628 2106 669 2164 et,
700 2098 776 2168 quod
795 2099 918 2167 dicitnr,

88 2164 243 2235 heberent,
275 2166 363 2221 fenile
389 2180 442 2237 pro
466 2167 532 2219 ficto
551 2166 669 2219 nomine
686 2183 787 2220 verum
803 2168 938 2221 substitue

90 2243 153 2289 sent
169 2236 230 2286 sine
249 2250 343 2287 versus
363 2234 528 2305 dispendios
548 2245 580 2287 ut
597 2235 653 2301 hic,

158 2304 207 2353 Me
224 2304 316 2356 dulces
332 2305 455 2357 dominae
473 2322 549 2354 musa
565 2303 734 2357 Terentiae:

160 2372 315 2422 Permutare
335 2373 492 2435 veliscrine
511 2372 672 2425 Terentiae.

34 2458 38 2465 ·
91 2437 139 2491 Sic
157 2450 186 2490 et
205 2439 280 2491 illud
298 2440 398 2505 Persii,

94 2528 97 2535 ·
158 2510 301 2558 Auriculas
319 2511 389 2559 utini
407 2506 489 2557 Mida
506 2524 553 2556 rex
572 2506 671 2557 habet:

92 2576 141 2643 qui
161 2577 262 2628 Po'e'tee
280 2576 434 2631 consilium
451 2582 604 2647 noverant,
625 2583 734 2632 mutato
753 2577 872 2629 nomine
889 2574 938 2651 leg

92 2652 196 2711 terant,

107 2728 110 2733 ·
159 2713 301 2765 >luriculas
321 2714 391 2765 asini
408 2713 483 2764 Nero
503 2729 549 2763 res
565 2710 654 2765 babet.

76 2780 156 2833 Non
176 2780 223 2831 hic
247 2780 517 2853 praetermittendus
545 2788 585 2832 est
602 2781 764 2851 praeclarus
782 2781 899 2850 Apuleii
921 2781 938 2833 1·

90 2848 248 2919 Apologia:
270 2852 372 2901 Eodem
391 2851 475 2915 igitur
492 2866 574 2917 opera
591 2862 715 2899 coement
733 2850 880 2917 Catullum,
900 2870 938 2919 qui

91 2916 162 2966 bium
179 2936 225 2984 pro
245 2920 339 2969 clodia
356 2920 518 2978 uoiuinnrit,·
547 2930 572 2967 et
592 2918 716 2967 Ticidam
732 2918 869 2980 similiter,
897 2938 938 2987 qus

90 2985 206 3041 Metella
224 2998 295 3049 erat,
321 2988 450 3036 Perillam
468 2984 628 3053 scripserit?
657 2998 681 3035 et
701 2986 886 3052 Propertium,
918 3006 938 3055 <p

90 3052 178 3103 thiam
196 3054 283 3115 disat,
312 3054 436 3104 Hostium
459 3055 624 3105 dissimulet:
654 3054 851 3117 militellum,
878 3072 938 3125 quos

91 3120 192 3171 Plania
221 3122 282 3186 (ulii
302 3122 428 3188 codices,
458 3122 570 3186 Flavia,
591 3121 710 3184 Plautia)
741 3123 770 3171 in
789 3124 893 3185 assium,
925 3124 938 3172 l

89 3206 176 3239 versu.
212 3190 297 3241 Vide's
315 3190 362 3239 hic
382 3206 399 3243 e
417 3194 535 3245 caeteris
552 3188 643 3258 po'e'tis
660 3190 782 3256 lectum,
803 3189 879 3259 quod
900 3190 932 3241 in

89 3257 251 3311 observavit
277 3261 387 3316 Acrons
417 3266 588 3311 commutata
609 3274 712 3327 nempe
736 3275 792 3311 esse
817 3262 938 3311 nomine

89 3342 198 3377 nutriero
224 3326 307 3389 (udde
333 3334 361 3376 et
384 3327 551 3395 quantitate)
576 3326 835 3397 syllabarum;‚pro
861 3325 938 3377 Clod·

89 3392 245 3449 biem'esse
264 3394 394 3463 positam,
415 3412 469 3465 pro
492 3392 609 3447 Metella
626 3393 771 3453 Perillam,
792 3411 845 3464 pro
866 3397 938 3447 Host

88 3462 196 3529 thium,
223 3479 279 3543 pro
298 3460 398 3513 Plania
415 3478 464 3517 seu
481 3463 578 3515 Flavia
595 3461 653 3514 sive
673 3462 785 3515 Plautia
807 3462 936 3515 Deliam.

40 3578 42 3587 ,
86 3540 232 3603 etnugni
248 3530 400 3587 Passeratii
420 3547 501 3587 error
518 3530 679 3600 evincitur,
706 3531 758 3603 qui
774 3547 835 3603 pro
861 3534 938 3587 Hosti
