<?xml version="1.0" encoding="UTF-8"?>
<!DOCTYPE html PUBLIC "-//W3C//DTD XHTML 1.0 Transitional//EN"
    "http://www.w3.org/TR/xhtml1/DTD/xhtml1-transitional.dtd">
<html xmlns="http://www.w3.org/1999/xhtml" xml:lang="en" lang="en">
 <head>
  <title>
</title>
<meta http-equiv="Content-Type" content="text/html;charset=utf-8" />
  <meta name='ocr-system' content='tesseract 3.04.00' />
  <meta name='ocr-capabilities' content='ocr_page ocr_carea ocr_par ocr_line ocrx_word'/>
</head>
<body>
  <div class='ocr_page' id='page_1' title='image "./richardibentlei00bentgoog_0098.png"; bbox 0 0 2250 3990; ppageno 0'>
   <div class='ocr_carea' id='block_1_1' title="bbox 356 203 1027 282">
    <p class='ocr_par' dir='ltr' id='par_1_1' title="bbox 356 203 1027 282">
     <span class='ocr_line' id='line_1_1' title="bbox 356 203 1027 282; baseline 0.013 -21"><span class='ocrx_word' id='word_1_1' title='bbox 356 216 560 263; x_wconf 71' lang='lat' dir='ltr'><strong>cinusuuu</strong></span> <span class='ocrx_word' id='word_1_2' title='bbox 599 222 670 269; x_wconf 81' lang='lat' dir='ltr'><strong>ms.</strong></span> <span class='ocrx_word' id='word_1_3' title='bbox 702 203 730 267; x_wconf 84' lang='lat'><strong>1.</strong></span> <span class='ocrx_word' id='word_1_4' title='bbox 984 212 1027 282; x_wconf 77' lang='lat'><strong>71</strong></span> 
     </span>
    </p>
   </div>
   <div class='ocr_carea' id='block_1_2' title="bbox 57 300 1026 1202">
    <p class='ocr_par' dir='ltr' id='par_1_2' title="bbox 130 300 783 371">
     <span class='ocr_line' id='line_1_2' title="bbox 130 300 783 371; baseline 0.012 -21"><span class='ocrx_word' id='word_1_5' title='bbox 130 300 167 351; x_wconf 76' lang='lat' dir='ltr'><strong>In</strong></span> <span class='ocrx_word' id='word_1_6' title='bbox 176 300 283 367; x_wconf 86' lang='lat' dir='ltr'><strong>fluvios</strong></span> <span class='ocrx_word' id='word_1_7' title='bbox 299 304 401 371; x_wconf 85' lang='lat' dir='ltr'><strong>partim</strong></span> <span class='ocrx_word' id='word_1_8' title='bbox 417 303 531 371; x_wconf 85' lang='lat' dir='ltr'><strong>gelidos,</strong></span> <span class='ocrx_word' id='word_1_9' title='bbox 553 305 676 357; x_wconf 84' lang='lat' dir='ltr'><strong>ardentia</strong></span> <span class='ocrx_word' id='word_1_10' title='bbox 693 304 783 359; x_wconf 84' lang='lat' dir='ltr'><strong>moria</strong></span> 
     </span>
    </p>

    <p class='ocr_par' dir='ltr' id='par_1_3' title="bbox 57 368 1023 716">
     <span class='ocr_line' id='line_1_3' title="bbox 129 368 947 433; baseline 0.017 -14"><span class='ocrx_word' id='word_1_11' title='bbox 129 368 253 421; x_wconf 84' lang='lat' dir='ltr'><strong>Membra</strong></span> <span class='ocrx_word' id='word_1_12' title='bbox 270 371 380 423; x_wconf 82' lang='lat' dir='ltr'><strong>dolant.</strong></span> <span class='ocrx_word' id='word_1_13' title='bbox 943 414 947 433; x_wconf 82' lang='lat'>.</span> 
     </span>
     <span class='ocr_line' id='line_1_4' title="bbox 58 434 1023 512; baseline 0.01 -23"><span class='ocrx_word' id='word_1_14' title='bbox 58 434 150 489; x_wconf 66' lang='lat' dir='ltr'><strong>Ferro</strong></span> <span class='ocrx_word' id='word_1_15' title='bbox 167 454 202 489; x_wconf 82' lang='lat' dir='ltr'><strong>ex</strong></span> <span class='ocrx_word' id='word_1_16' title='bbox 214 440 396 491; x_wconf 76' lang='lat' dir='ltr'>Anacreonte</span> <span class='ocrx_word' id='word_1_17' title='bbox 411 439 491 493; x_wconf 86' lang='lat' dir='ltr'><strong>hunc</strong></span> <span class='ocrx_word' id='word_1_18' title='bbox 507 440 606 503; x_wconf 86' lang='lat' dir='ltr'><strong>locum</strong></span> <span class='ocrx_word' id='word_1_19' title='bbox 623 459 784 512; x_wconf 84' lang='lat' dir='ltr'><strong>expressum</strong></span> <span class='ocrx_word' id='word_1_20' title='bbox 799 458 858 497; x_wconf 85' lang='lat' dir='ltr'><strong>esse</strong></span> <span class='ocrx_word' id='word_1_21' title='bbox 876 450 955 495; x_wconf 83' lang='lat' dir='ltr'><strong>reete</strong></span> <span class='ocrx_word' id='word_1_22' title='bbox 971 444 1023 499; x_wconf 84' lang='lat' dir='ltr'><strong>ob·</strong></span> 
     </span>
     <span class='ocr_line' id='line_1_5' title="bbox 57 509 1022 583; baseline 0.011 -27"><span class='ocrx_word' id='word_1_23' title='bbox 57 514 207 557; x_wconf 69' lang='lat' dir='ltr'><strong>morunt</strong></span> <span class='ocrx_word' id='word_1_24' title='bbox 223 510 412 578; x_wconf 78' lang='lat' dir='ltr'><strong>Interpretss3</strong></span> <span class='ocrx_word' id='word_1_25' title='bbox 440 509 490 563; x_wconf 87' lang='lat' dir='ltr'><strong>sed</strong></span> <span class='ocrx_word' id='word_1_26' title='bbox 512 510 545 562; x_wconf 90' lang='lat' dir='ltr'><strong>in</strong></span> <span class='ocrx_word' id='word_1_27' title='bbox 568 511 733 580; x_wconf 70' lang='lat' dir='ltr'>digerendis</span> <span class='ocrx_word' id='word_1_28' title='bbox 755 512 814 565; x_wconf 85' lang='lat' dir='ltr'><strong>eius</strong></span> <span class='ocrx_word' id='word_1_29' title='bbox 832 514 961 583; x_wconf 66' lang='lat' dir='ltr'><strong>versibus</strong></span> <span class='ocrx_word' id='word_1_30' title='bbox 979 514 1022 567; x_wconf 86' lang='lat' dir='ltr'><strong>ie-</strong></span> 
     </span>
     <span class='ocr_line' id='line_1_6' title="bbox 57 572 1020 651; baseline 0.013 -26"><span class='ocrx_word' id='word_1_31' title='bbox 57 572 134 625; x_wconf 78' lang='lat' dir='ltr'><strong>tellit</strong></span> <span class='ocrx_word' id='word_1_32' title='bbox 151 591 200 628; x_wconf 86' lang='lat' dir='ltr'><strong>eos</strong></span> <span class='ocrx_word' id='word_1_33' title='bbox 217 577 306 629; x_wconf 83' lang='lat' dir='ltr'><strong>metri</strong></span> <span class='ocrx_word' id='word_1_34' title='bbox 330 578 420 643; x_wconf 75' lang='lat' dir='ltr'><strong>rati03</strong></span> <span class='ocrx_word' id='word_1_35' title='bbox 449 596 510 631; x_wconf 87' lang='lat' dir='ltr'><strong>nou</strong></span> <span class='ocrx_word' id='word_1_36' title='bbox 534 581 613 633; x_wconf 89' lang='lat' dir='ltr'><strong>enim</strong></span> <span class='ocrx_word' id='word_1_37' title='bbox 637 580 759 651; x_wconf 70' lang='lat' dir='ltr'><strong>quietuor</strong></span> <span class='ocrx_word' id='word_1_38' title='bbox 780 582 938 650; x_wconf 51' lang='lat' dir='ltr'><strong>unisset</strong></span> <span class='ocrx_word' id='word_1_39' title='bbox 961 582 1020 638; x_wconf 89' lang='lat' dir='ltr'><strong>duo</strong></span> 
     </span>
     <span class='ocr_line' id='line_1_7' title="bbox 57 644 492 716; baseline 0.011 -21"><span class='ocrx_word' id='word_1_40' title='bbox 57 646 179 712; x_wconf 78' lang='lat' dir='ltr'><strong>lsnttsm,</strong></span> <span class='ocrx_word' id='word_1_41' title='bbox 200 654 230 695; x_wconf 87' lang='lat' dir='ltr'><strong>et</strong></span> <span class='ocrx_word' id='word_1_42' title='bbox 249 644 291 697; x_wconf 83' lang='lat' dir='ltr'><strong>sic</strong></span> <span class='ocrx_word' id='word_1_43' title='bbox 311 644 492 716; x_wconf 74' lang='lat' dir='ltr'><strong>disponendi.</strong></span> 
     </span>
    </p>

    <p class='ocr_par' dir='ltr' id='par_1_4' title="bbox 119 704 841 788">
     <span class='ocr_line' id='line_1_8' title="bbox 119 704 841 788; baseline 0.01 -24"><span class='ocrx_word' id='word_1_44' title='bbox 119 704 178 764; x_wconf 76' lang='grc' dir='ltr'><strong>’Ἅτε</strong></span> <span class='ocrx_word' id='word_1_45' title='bbox 196 708 297 782; x_wconf 80' lang='grc' dir='ltr'>νεβρὸν</span> <span class='ocrx_word' id='word_1_46' title='bbox 315 710 453 782; x_wconf 74' lang='grc' dir='ltr'><strong><em>νεοθηλέα</em></strong></span> <span class='ocrx_word' id='word_1_47' title='bbox 469 711 639 784; x_wconf 62' lang='grc' dir='ltr'><strong>γαλαθηνὸν,</strong></span> <span class='ocrx_word' id='word_1_48' title='bbox 664 710 722 771; x_wconf 79' lang='lat' dir='ltr'><strong>dcs’</strong></span> <span class='ocrx_word' id='word_1_49' title='bbox 741 712 772 771; x_wconf 78' lang='grc' dir='ltr'><strong>ἐν</strong></span> <span class='ocrx_word' id='word_1_50' title='bbox 787 710 841 788; x_wconf 79' lang='lat' dir='ltr'><strong>iilp</strong></span> 
     </span>
    </p>

    <p class='ocr_par' dir='ltr' id='par_1_5' title="bbox 57 774 1026 1202">
     <span class='ocr_line' id='line_1_9' title="bbox 126 774 840 855; baseline 0.01 -23"><span class='ocrx_word' id='word_1_51' title='bbox 126 776 281 849; x_wconf 76' lang='grc' dir='ltr'><strong><em>Κεροέσσης</em></strong></span> <span class='ocrx_word' id='word_1_52' title='bbox 300 774 483 850; x_wconf 73' lang='grc' dir='ltr'><strong>ἀπολειφθεὶς</strong></span> <span class='ocrx_word' id='word_1_53' title='bbox 502 776 558 835; x_wconf 82' lang='lat' dir='ltr'><strong>eiad</strong></span> <span class='ocrx_word' id='word_1_54' title='bbox 576 782 682 853; x_wconf 77' lang='grc' dir='ltr'><strong><em>μητρὸς</em></strong></span> <span class='ocrx_word' id='word_1_55' title='bbox 701 781 840 855; x_wconf 78' lang='grc' dir='ltr'><strong><em>ἐπτοήθη.</em></strong></span> 
     </span>
     <span class='ocr_line' id='line_1_10' title="bbox 57 846 1020 927; baseline 0.009 -27"><span class='ocrx_word' id='word_1_56' title='bbox 57 846 217 922; x_wconf 73' lang='lat' dir='ltr'><strong>Gafflsmbi</strong></span> <span class='ocrx_word' id='word_1_57' title='bbox 242 861 324 917; x_wconf 88' lang='lat' dir='ltr'><strong>sunt,</strong></span> <span class='ocrx_word' id='word_1_58' title='bbox 352 852 450 921; x_wconf 84' lang='lat' dir='ltr'><strong>quales</strong></span> <span class='ocrx_word' id='word_1_59' title='bbox 474 853 636 921; x_wconf 83' lang='lat' dir='ltr'><strong>frequentes</strong></span> <span class='ocrx_word' id='word_1_60' title='bbox 656 865 739 908; x_wconf 80' lang='lat' dir='ltr'><strong>erent</strong></span> <span class='ocrx_word' id='word_1_61' title='bbox 762 856 839 927; x_wconf 80' lang='lat' dir='ltr'><strong>apud</strong></span> <span class='ocrx_word' id='word_1_62' title='bbox 853 856 1020 911; x_wconf 75' lang='lat' dir='ltr'><strong>&#39;Anacreon-</strong></span> 
     </span>
     <span class='ocr_line' id='line_1_11' title="bbox 57 920 1026 995; baseline 0.008 -26"><span class='ocrx_word' id='word_1_63' title='bbox 57 924 123 987; x_wconf 60' lang='grc' dir='ltr'><strong>πω,</strong></span> <span class='ocrx_word' id='word_1_64' title='bbox 143 923 215 971; x_wconf 69' lang='lat' dir='ltr'><strong>teste</strong></span> <span class='ocrx_word' id='word_1_65' title='bbox 232 920 450 990; x_wconf 76' lang='lat' dir='ltr'>Hephaestione,</span> <span class='ocrx_word' id='word_1_66' title='bbox 462 922 520 991; x_wconf 89' lang='lat' dir='ltr'><strong>&#39;qui</strong></span> <span class='ocrx_word' id='word_1_67' title='bbox 536 921 592 974; x_wconf 87' lang='lat' dir='ltr'><strong>hoo</strong></span> <span class='ocrx_word' id='word_1_68' title='bbox 609 924 772 993; x_wconf 85' lang='lat' dir='ltr'><strong>exemplum</strong></span> <span class='ocrx_word' id='word_1_69' title='bbox 789 924 932 995; x_wconf 81' lang='lat' dir='ltr'>producit,</span> <span class='ocrx_word' id='word_1_70' title='bbox 1021 946 1026 963; x_wconf 85' lang='lat'><strong><em>¹</em></strong></span> 
     </span>
     <span class='ocr_line' id='line_1_12' title="bbox 59 979 967 1059; baseline 0.008 -21"><span class='ocrx_word' id='word_1_71' title='bbox 59 1037 65 1047; x_wconf 65' lang='grc'>,</span> <span class='ocrx_word' id='word_1_72' title='bbox 123 982 211 1055; x_wconf 74' lang='grc' dir='ltr'><strong><em>Παρὰ</em></strong></span> <span class='ocrx_word' id='word_1_73' title='bbox 234 980 259 1039; x_wconf 77' lang='grc' dir='ltr'><strong>δ’</strong></span> <span class='ocrx_word' id='word_1_74' title='bbox 283 979 353 1056; x_wconf 69' lang='lat' dir='ltr'><strong>riost</strong></span> <span class='ocrx_word' id='word_1_75' title='bbox 370 986 581 1057; x_wconf 71' lang='lat' dir='ltr'><strong>Haddpuudoov</strong></span> <span class='ocrx_word' id='word_1_76' title='bbox 596 984 722 1045; x_wconf 71' lang='lat' dir='ltr'><strong>taeitvv’</strong></span> <span class='ocrx_word' id='word_1_77' title='bbox 740 988 831 1059; x_wconf 75' lang='lat' dir='ltr'><strong>iocre</strong></span> <span class='ocrx_word' id='word_1_78' title='bbox 847 990 967 1059; x_wconf 79' lang='grc' dir='ltr'><em>φεύγων.</em></span> 
     </span>
     <span class='ocr_line' id='line_1_13' title="bbox 57 1051 1019 1129; baseline 0.007 -21"><span class='ocrx_word' id='word_1_79' title='bbox 57 1051 101 1108; x_wconf 74' lang='lat' dir='ltr'><strong>tie</strong></span> <span class='ocrx_word' id='word_1_80' title='bbox 119 1054 203 1107; x_wconf 80' lang='lat' dir='ltr'><strong>enim</strong></span> <span class='ocrx_word' id='word_1_81' title='bbox 221 1055 376 1127; x_wconf 83' lang='lat' dir='ltr'><strong>legendum</strong></span> <span class='ocrx_word' id='word_1_82' title='bbox 394 1074 428 1110; x_wconf 83' lang='lat' dir='ltr'><strong>ex</strong></span> <span class='ocrx_word' id='word_1_83' title='bbox 453 1060 508 1110; x_wconf 81' lang='lat' dir='ltr'><strong>scri</strong></span> <span class='ocrx_word' id='word_1_84' title='bbox 531 1067 560 1110; x_wconf 94' lang='lat' dir='ltr'><strong>to</strong></span> <span class='ocrx_word' id='word_1_85' title='bbox 586 1060 701 1129; x_wconf 86' lang='lat' dir='ltr'><strong>codice,</strong></span> <span class='ocrx_word' id='word_1_86' title='bbox 734 1078 794 1113; x_wconf 89' lang='lat' dir='ltr'><strong>non</strong></span> <span class='ocrx_word' id='word_1_87' title='bbox 818 1058 956 1127; x_wconf 79' lang='grc' dir='ltr'><strong><em>πνθόμαν</em></strong></span> <span class='ocrx_word' id='word_1_88' title='bbox 979 1056 1019 1129; x_wconf 69' lang='grc' dir='ltr'><strong>δὲ,</strong></span> 
     </span>
     <span class='ocr_line' id='line_1_14' title="bbox 57 1076 1020 1202; baseline 0.007 -27"><span class='ocrx_word' id='word_1_89' title='bbox 57 1124 85 1175; x_wconf 78' lang='lat' dir='ltr'><strong>it</strong></span> <span class='ocrx_word' id='word_1_90' title='bbox 102 1122 203 1202; x_wconf 76' lang='lat' dir='ltr'><strong>vulgo.</strong></span> <span class='ocrx_word' id='word_1_91' title='bbox 248 1132 339 1196; x_wconf 84' lang='lat' dir='ltr'>Atque</span> <span class='ocrx_word' id='word_1_92' title='bbox 359 1126 431 1179; x_wconf 78' lang='lat' dir='ltr'><strong>haec</strong></span> <span class='ocrx_word' id='word_1_93' title='bbox 448 1128 494 1179; x_wconf 82' lang='lat' dir='ltr'><strong>vel</strong></span> <span class='ocrx_word' id='word_1_94' title='bbox 510 1076 557 1180; x_wconf 83' lang='lat' dir='ltr'><strong>llis</strong></span> <span class='ocrx_word' id='word_1_95' title='bbox 575 1127 683 1181; x_wconf 79' lang='lat' dir='ltr'><strong>similia</strong></span> <span class='ocrx_word' id='word_1_96' title='bbox 701 1146 768 1183; x_wconf 86' lang='lat' dir='ltr'><strong>cum</strong></span> <span class='ocrx_word' id='word_1_97' title='bbox 785 1130 821 1183; x_wconf 83' lang='lat' dir='ltr'><strong>ed</strong></span> <span class='ocrx_word' id='word_1_98' title='bbox 839 1130 1020 1199; x_wconf 83' lang='lat' dir='ltr'><strong>incompara-</strong></span> 
     </span>
    </p>
   </div>
   <div class='ocr_carea' id='block_1_3' title="bbox 57 1190 1079 1677">
    <p class='ocr_par' dir='ltr' id='par_1_6' title="bbox 57 1190 1079 1677">
     <span class='ocr_line' id='line_1_15' title="bbox 57 1190 1019 1265; baseline 0.007 -22"><span class='ocrx_word' id='word_1_99' title='bbox 57 1190 145 1243; x_wconf 83' lang='lat' dir='ltr'><strong>silem</strong></span> <span class='ocrx_word' id='word_1_100' title='bbox 162 1208 259 1245; x_wconf 78' lang='lat' dir='ltr'><strong>rtrum</strong></span> <span class='ocrx_word' id='word_1_101' title='bbox 277 1197 416 1247; x_wconf 85' lang='lat' dir='ltr'><strong>Ioannem</strong></span> <span class='ocrx_word' id='word_1_102' title='bbox 433 1196 592 1263; x_wconf 77' lang='lat' dir='ltr'><strong>Georgium</strong></span> <span class='ocrx_word' id='word_1_103' title='bbox 610 1198 766 1252; x_wconf 83' lang='lat' dir='ltr'><strong>Graevium</strong></span> <span class='ocrx_word' id='word_1_104' title='bbox 782 1194 833 1251; x_wconf 80' lang='lat' dir='ltr'><strong>adv</strong></span> <span class='ocrx_word' id='word_1_105' title='bbox 851 1198 1019 1265; x_wconf 77' lang='grc' dir='ltr'><strong><em>μακαρίτην,</em></strong></span> 
     </span>
     <span class='ocr_line' id='line_1_16' title="bbox 57 1261 1019 1334; baseline 0.008 -23"><span class='ocrx_word' id='word_1_106' title='bbox 57 1262 182 1312; x_wconf 83' lang='lat' dir='ltr'><strong>mimam</strong></span> <span class='ocrx_word' id='word_1_107' title='bbox 201 1261 316 1330; x_wconf 79' lang='lat' dir='ltr'><strong>qualem</strong></span> <span class='ocrx_word' id='word_1_108' title='bbox 334 1281 427 1333; x_wconf 84' lang='lat' dir='ltr'><strong>neque</strong></span> <span class='ocrx_word' id='word_1_109' title='bbox 445 1264 642 1319; x_wconf 81' lang='lat' dir='ltr'><strong>candidiorem</strong></span> <span class='ocrx_word' id='word_1_110' title='bbox 659 1276 736 1320; x_wconf 84' lang='lat' dir='ltr'><strong>terre</strong></span> <span class='ocrx_word' id='word_1_111' title='bbox 752 1266 834 1334; x_wconf 89' lang='lat' dir='ltr'><strong>tulit,</strong></span> <span class='ocrx_word' id='word_1_112' title='bbox 854 1277 920 1319; x_wconf 82' lang='lat' dir='ltr'><strong>ente</strong></span> <span class='ocrx_word' id='word_1_113' title='bbox 939 1267 1019 1319; x_wconf 89' lang='lat' dir='ltr'><strong>bieu-</strong></span> 
     </span>
     <span class='ocr_line' id='line_1_17' title="bbox 57 1328 1017 1405; baseline 0.01 -24"><span class='ocrx_word' id='word_1_114' title='bbox 57 1328 138 1381; x_wconf 80' lang='lat' dir='ltr'><strong>uium</strong></span> <span class='ocrx_word' id='word_1_115' title='bbox 153 1331 342 1392; x_wconf 68' lang='lat' dir='ltr'><strong>scripseram</strong></span> <span class='ocrx_word' id='word_1_116' title='bbox 361 1333 406 1385; x_wconf 87' lang='lat' dir='ltr'><strong>his</strong></span> <span class='ocrx_word' id='word_1_117' title='bbox 424 1334 518 1385; x_wconf 85' lang='lat' dir='ltr'><strong>verbis</strong></span> <span class='ocrx_word' id='word_1_118' title='bbox 536 1335 608 1387; x_wconf 88' lang='lat' dir='ltr'><strong>mihi</strong></span> <span class='ocrx_word' id='word_1_119' title='bbox 625 1353 793 1405; x_wconf 86' lang='lat' dir='ltr'><strong>responsum</strong></span> <span class='ocrx_word' id='word_1_120' title='bbox 809 1336 889 1387; x_wconf 82' lang='lat' dir='ltr'><strong>dedit</strong></span> <span class='ocrx_word' id='word_1_121' title='bbox 906 1346 924 1403; x_wconf 90' lang='lat'>4</span> <span class='ocrx_word' id='word_1_122' title='bbox 940 1336 1017 1391; x_wconf 84' lang='lat' dir='ltr'><strong>Non.</strong></span> 
     </span>
     <span class='ocr_line' id='line_1_18' title="bbox 57 1396 1019 1472; baseline 0.006 -23"><span class='ocrx_word' id='word_1_123' title='bbox 57 1396 192 1451; x_wconf 54' lang='lat' dir='ltr'><strong>Decumo.</strong></span> <span class='ocrx_word' id='word_1_124' title='bbox 215 1399 365 1453; x_wconf 89' lang='lat' dir='ltr'><strong>MDCCII.</strong></span> <span class='ocrx_word' id='word_1_125' title='bbox 384 1401 482 1470; x_wconf 84' lang='lat' dir='ltr'><strong>paullo</strong></span> <span class='ocrx_word' id='word_1_126' title='bbox 502 1412 567 1454; x_wconf 81' lang='lat' dir='ltr'><strong>aute</strong></span> <span class='ocrx_word' id='word_1_127' title='bbox 583 1404 701 1457; x_wconf 87' lang='lat' dir='ltr'><strong>obitum.</strong></span> <span class='ocrx_word' id='word_1_128' title='bbox 729 1406 797 1454; x_wconf 84' lang='lat' dir='ltr'><strong>Cum</strong></span> <span class='ocrx_word' id='word_1_129' title='bbox 813 1404 940 1472; x_wconf 80' lang='lat' dir='ltr'><strong>nuperius</strong></span> <span class='ocrx_word' id='word_1_130' title='bbox 956 1417 1019 1455; x_wconf 79' lang='lat' dir='ltr'><strong>treas</strong></span> 
     </span>
     <span class='ocr_line' id='line_1_19' title="bbox 57 1464 1079 1538; baseline 0.009 -23"><span class='ocrx_word' id='word_1_131' title='bbox 57 1464 177 1531; x_wconf 75' lang='lat' dir='ltr'><strong>litteras,</strong></span> <span class='ocrx_word' id='word_1_132' title='bbox 211 1470 241 1517; x_wconf 91' lang='lat' dir='ltr'><strong>in</strong></span> <span class='ocrx_word' id='word_1_133' title='bbox 267 1466 363 1537; x_wconf 75' lang='lat' dir='ltr'><strong>quidus</strong></span> <span class='ocrx_word' id='word_1_134' title='bbox 388 1471 491 1538; x_wconf 80' lang='lat' dir='ltr'><strong>aliquot</strong></span> <span class='ocrx_word' id='word_1_135' title='bbox 517 1474 713 1523; x_wconf 81' lang='lat' dir='ltr'><strong>emendationes</strong></span> <span class='ocrx_word' id='word_1_136' title='bbox 730 1472 896 1523; x_wconf 86' lang='lat' dir='ltr'><strong>Horatianos</strong></span> <span class='ocrx_word' id='word_1_137' title='bbox 916 1489 1019 1523; x_wconf 90' lang='lat' dir='ltr'><strong>mecum</strong></span> <span class='ocrx_word' id='word_1_138' title='bbox 1076 1525 1079 1531; x_wconf 75' lang='grc'>,</span> 
     </span>
     <span class='ocr_line' id='line_1_20' title="bbox 57 1536 1019 1607; baseline 0.006 -22"><span class='ocrx_word' id='word_1_139' title='bbox 57 1536 286 1599; x_wconf 73' lang='lat' dir='ltr'><strong>somnuniearas,</strong></span> <span class='ocrx_word' id='word_1_140' title='bbox 319 1539 471 1589; x_wconf 76' lang='lat' dir='ltr'><strong>recitassem</strong></span> <span class='ocrx_word' id='word_1_141' title='bbox 488 1540 566 1591; x_wconf 91' lang='lat' dir='ltr'><strong>Petro</strong></span> <span class='ocrx_word' id='word_1_142' title='bbox 586 1542 755 1604; x_wconf 86' lang='lat' dir='ltr'><strong>Burmanno,</strong></span> <span class='ocrx_word' id='word_1_143' title='bbox 785 1540 890 1593; x_wconf 71' lang='lat' dir='ltr'><strong>homini</strong></span> <span class='ocrx_word' id='word_1_144' title='bbox 908 1541 1019 1607; x_wconf 83' lang='lat' dir='ltr'><strong>elegan-</strong></span> 
     </span>
     <span class='ocr_line' id='line_1_21' title="bbox 57 1602 1075 1677; baseline 0.006 -25"><span class='ocrx_word' id='word_1_145' title='bbox 57 1602 174 1667; x_wconf 65' lang='lat' dir='ltr'><strong>asstmo,</strong></span> <span class='ocrx_word' id='word_1_146' title='bbox 204 1605 270 1655; x_wconf 90' lang='lat' dir='ltr'><strong>mire</strong></span> <span class='ocrx_word' id='word_1_147' title='bbox 294 1606 345 1655; x_wconf 87' lang='lat' dir='ltr'><strong>tibi</strong></span> <span class='ocrx_word' id='word_1_148' title='bbox 363 1608 558 1674; x_wconf 83' lang='lat' dir='ltr'><strong>applaudebat.</strong></span> <span class='ocrx_word' id='word_1_149' title='bbox 603 1609 668 1658; x_wconf 84' lang='lat' dir='ltr'><strong>Post</strong></span> <span class='ocrx_word' id='word_1_150' title='bbox 685 1609 788 1677; x_wconf 79' lang='lat' dir='ltr'><strong>aliquot</strong></span> <span class='ocrx_word' id='word_1_151' title='bbox 810 1610 868 1658; x_wconf 89' lang='lat' dir='ltr'><strong>dies</strong></span> <span class='ocrx_word' id='word_1_152' title='bbox 885 1609 1019 1658; x_wconf 86' lang='lat' dir='ltr'><strong>rediitad</strong></span> <span class='ocrx_word' id='word_1_153' title='bbox 1071 1606 1075 1621; x_wconf 93' lang='lat'>&#39;</span> 
     </span>
    </p>
   </div>
   <div class='ocr_carea' id='block_1_4' title="bbox 57 1672 1020 2496">
    <p class='ocr_par' dir='ltr' id='par_1_7' title="bbox 57 1672 1020 2472">
     <span class='ocr_line' id='line_1_22' title="bbox 57 1672 1019 1743; baseline 0.005 -22"><span class='ocrx_word' id='word_1_154' title='bbox 57 1688 98 1721; x_wconf 74' lang='lat' dir='ltr'><strong>&#39;ste</strong></span> <span class='ocrx_word' id='word_1_155' title='bbox 113 1688 203 1722; x_wconf 83' lang='lat' dir='ltr'><strong>secum</strong></span> <span class='ocrx_word' id='word_1_156' title='bbox 211 1672 311 1739; x_wconf 80' lang='lat' dir='ltr'><strong>ferens</strong></span> <span class='ocrx_word' id='word_1_157' title='bbox 330 1672 484 1738; x_wconf 80' lang='lat' dir='ltr'><strong>Horatium,</strong></span> <span class='ocrx_word' id='word_1_158' title='bbox 502 1677 546 1725; x_wconf 86' lang='lat' dir='ltr'><strong>cui</strong></span> <span class='ocrx_word' id='word_1_159' title='bbox 561 1693 615 1725; x_wconf 89' lang='lat' dir='ltr'><strong>non</strong></span> <span class='ocrx_word' id='word_1_160' title='bbox 632 1694 720 1742; x_wconf 86' lang='lat' dir='ltr'><strong>pauca</strong></span> <span class='ocrx_word' id='word_1_161' title='bbox 736 1677 914 1743; x_wconf 78' lang='lat' dir='ltr'><strong>adscripscrat</strong></span> <span class='ocrx_word' id='word_1_162' title='bbox 931 1676 1019 1726; x_wconf 86' lang='lat' dir='ltr'><strong>Nico·</strong></span> 
     </span>
     <span class='ocr_line' id='line_1_23' title="bbox 57 1736 1019 1810; baseline 0.003 -20"><span class='ocrx_word' id='word_1_163' title='bbox 57 1736 119 1791; x_wconf 77' lang='lat' dir='ltr'><strong>lares</strong></span> <span class='ocrx_word' id='word_1_164' title='bbox 136 1740 282 1805; x_wconf 84' lang='lat' dir='ltr'><strong>Heinsius,</strong></span> <span class='ocrx_word' id='word_1_165' title='bbox 314 1754 340 1791; x_wconf 90' lang='lat' dir='ltr'><strong>et</strong></span> <span class='ocrx_word' id='word_1_166' title='bbox 357 1743 483 1792; x_wconf 81' lang='lat' dir='ltr'><strong>Statium.</strong></span> <span class='ocrx_word' id='word_1_167' title='bbox 528 1745 563 1793; x_wconf 87' lang='lat' dir='ltr'><strong>In</strong></span> <span class='ocrx_word' id='word_1_168' title='bbox 589 1746 724 1810; x_wconf 82' lang='lat' dir='ltr'><strong>utriusque</strong></span> <span class='ocrx_word' id='word_1_169' title='bbox 749 1744 813 1793; x_wconf 85' lang='lat' dir='ltr'><strong>libri</strong></span> <span class='ocrx_word' id='word_1_170' title='bbox 837 1746 958 1809; x_wconf 80' lang='lat' dir='ltr'><strong>margine</strong></span> <span class='ocrx_word' id='word_1_171' title='bbox 975 1745 1019 1793; x_wconf 83' lang='lat' dir='ltr'><strong>vir</strong></span> 
     </span>
     <span class='ocr_line' id='line_1_24' title="bbox 57 1806 1020 1873; baseline 0.004 -18"><span class='ocrx_word' id='word_1_172' title='bbox 57 1806 105 1857; x_wconf 86' lang='lat' dir='ltr'><strong>ille</strong></span> <span class='ocrx_word' id='word_1_173' title='bbox 121 1808 293 1859; x_wconf 85' lang='lat' dir='ltr'><strong>doctissimus</strong></span> <span class='ocrx_word' id='word_1_174' title='bbox 309 1820 464 1873; x_wconf 87' lang='lat' dir='ltr'><strong>notaverat,</strong></span> <span class='ocrx_word' id='word_1_175' title='bbox 488 1810 517 1859; x_wconf 91' lang='lat' dir='ltr'><strong>in</strong></span> <span class='ocrx_word' id='word_1_176' title='bbox 534 1810 589 1863; x_wconf 84' lang='lat' dir='ltr'><strong>od.</strong></span> <span class='ocrx_word' id='word_1_177' title='bbox 607 1811 708 1863; x_wconf 84' lang='lat' dir='ltr'>XXIII.</span> <span class='ocrx_word' id='word_1_178' title='bbox 727 1810 779 1861; x_wconf 90' lang='lat' dir='ltr'><strong>lib.</strong></span> <span class='ocrx_word' id='word_1_179' title='bbox 800 1826 823 1863; x_wconf 86' lang='grc' dir='ltr'><strong>ι.</strong></span> <span class='ocrx_word' id='word_1_180' title='bbox 860 1812 1020 1861; x_wconf 80' lang='lat' dir='ltr'><strong>Selinusium</strong></span> 
     </span>
     <span class='ocr_line' id='line_1_25' title="bbox 57 1876 1020 1947; baseline 0.003 -21"><span class='ocrx_word' id='word_1_181' title='bbox 57 1890 105 1935; x_wconf 76' lang='lat' dir='ltr'><strong>aro</strong></span> <span class='ocrx_word' id='word_1_182' title='bbox 121 1876 196 1929; x_wconf 83' lang='lat' dir='ltr'><strong>veris</strong></span> <span class='ocrx_word' id='word_1_183' title='bbox 214 1880 363 1928; x_wconf 78' lang='lat' dir='ltr'><strong>correxisse</strong></span> <span class='ocrx_word' id='word_1_184' title='bbox 380 1878 488 1947; x_wconf 83' lang='lat' dir='ltr'><strong>vepris,</strong></span> <span class='ocrx_word' id='word_1_185' title='bbox 508 1879 577 1946; x_wconf 76' lang='lat' dir='ltr'><strong>qsaod</strong></span> <span class='ocrx_word' id='word_1_186' title='bbox 595 1897 627 1928; x_wconf 82' lang='lat' dir='ltr'><strong>ets</strong></span> <span class='ocrx_word' id='word_1_187' title='bbox 642 1878 775 1946; x_wconf 76' lang='lat' dir='ltr'><strong>Menagic</strong></span> <span class='ocrx_word' id='word_1_188' title='bbox 792 1878 924 1931; x_wconf 82' lang='lat' dir='ltr'><strong>didicerit.</strong></span> <span class='ocrx_word' id='word_1_189' title='bbox 960 1878 1020 1929; x_wconf 87' lang='lat' dir='ltr'><strong>Hoc</strong></span> 
     </span>
     <span class='ocr_line' id='line_1_26' title="bbox 57 1946 1019 2015; baseline 0 -20"><span class='ocrx_word' id='word_1_190' title='bbox 57 1954 88 1995; x_wconf 77' lang='lat' dir='ltr'><strong>tu</strong></span> <span class='ocrx_word' id='word_1_191' title='bbox 103 1946 207 2013; x_wconf 80' lang='lat' dir='ltr'><strong>quidem</strong></span> <span class='ocrx_word' id='word_1_192' title='bbox 224 1946 377 2013; x_wconf 77' lang='lat' dir='ltr'><strong>ignorasti,</strong></span> <span class='ocrx_word' id='word_1_193' title='bbox 410 1960 440 1996; x_wconf 93' lang='lat' dir='ltr'><strong>ut</strong></span> <span class='ocrx_word' id='word_1_194' title='bbox 457 1947 507 1997; x_wconf 79' lang='lat' dir='ltr'><strong>titt</strong></span> <span class='ocrx_word' id='word_1_195' title='bbox 523 1947 584 1997; x_wconf 85' lang='lat' dir='ltr'><strong>laus</strong></span> <span class='ocrx_word' id='word_1_196' title='bbox 601 1948 706 2009; x_wconf 73' lang='lat' dir='ltr'><strong>inuenti</strong></span> <span class='ocrx_word' id='word_1_197' title='bbox 728 1946 904 2015; x_wconf 80' lang='lat' dir='ltr'><strong>pulcherrimi</strong></span> <span class='ocrx_word' id='word_1_198' title='bbox 924 1946 1019 1997; x_wconf 81' lang='lat' dir='ltr'><strong>debea-</strong></span> 
     </span>
     <span class='ocr_line' id='line_1_27' title="bbox 57 2015 1019 2082; baseline 0.002 -19"><span class='ocrx_word' id='word_1_199' title='bbox 57 2020 120 2063; x_wconf 74' lang='lat' dir='ltr'><strong>tur:</strong></span> <span class='ocrx_word' id='word_1_200' title='bbox 140 2015 272 2081; x_wconf 79' lang='lat' dir='ltr'><strong>gaudebis</strong></span> <span class='ocrx_word' id='word_1_201' title='bbox 290 2028 381 2065; x_wconf 87' lang='lat' dir='ltr'><strong>tamen</strong></span> <span class='ocrx_word' id='word_1_202' title='bbox 398 2015 474 2065; x_wconf 88' lang='lat' dir='ltr'><strong>credo</strong></span> <span class='ocrx_word' id='word_1_203' title='bbox 494 2016 564 2065; x_wconf 88' lang='lat' dir='ltr'><strong>idem</strong></span> <span class='ocrx_word' id='word_1_204' title='bbox 580 2017 639 2066; x_wconf 87' lang='lat' dir='ltr'><strong>vira</strong></span> <span class='ocrx_word' id='word_1_205' title='bbox 658 2034 755 2082; x_wconf 86' lang='lat' dir='ltr'><strong>magno</strong></span> <span class='ocrx_word' id='word_1_206' title='bbox 773 2018 803 2067; x_wconf 92' lang='lat' dir='ltr'><strong>in</strong></span> <span class='ocrx_word' id='word_1_207' title='bbox 820 2030 934 2066; x_wconf 86' lang='lat' dir='ltr'><strong>mentem</strong></span> <span class='ocrx_word' id='word_1_208' title='bbox 951 2016 1019 2066; x_wconf 88' lang='lat' dir='ltr'><strong>inci·</strong></span> 
     </span>
     <span class='ocr_line' id='line_1_28' title="bbox 57 2078 1019 2153; baseline 0.007 -25"><span class='ocrx_word' id='word_1_209' title='bbox 57 2078 144 2147; x_wconf 82' lang='lat' dir='ltr'><strong>disse,</strong></span> <span class='ocrx_word' id='word_1_210' title='bbox 161 2084 233 2152; x_wconf 79' lang='lat' dir='ltr'><strong>quod</strong></span> <span class='ocrx_word' id='word_1_211' title='bbox 251 2096 311 2135; x_wconf 89' lang='lat' dir='ltr'><strong>tuae</strong></span> <span class='ocrx_word' id='word_1_212' title='bbox 328 2084 467 2134; x_wconf 87' lang='lat' dir='ltr'><strong>inciderat.</strong></span> <span class='ocrx_word' id='word_1_213' title='bbox 504 2085 580 2134; x_wconf 85' lang='lat' dir='ltr'><strong>Haec</strong></span> <span class='ocrx_word' id='word_1_214' title='bbox 604 2085 722 2153; x_wconf 86' lang='lat' dir='ltr'><strong>quidem</strong></span> <span class='ocrx_word' id='word_1_215' title='bbox 745 2084 851 2153; x_wconf 82' lang='lat' dir='ltr'><strong>adme</strong></span> <span class='ocrx_word' id='word_1_216' title='bbox 870 2084 919 2137; x_wconf 90' lang='lat' dir='ltr'><strong>Vir</strong></span> <span class='ocrx_word' id='word_1_217' title='bbox 944 2083 1019 2136; x_wconf 90' lang='lat' dir='ltr'><strong>cele·</strong></span> 
     </span>
     <span class='ocr_line' id='line_1_29' title="bbox 57 2142 1019 2221; baseline 0.006 -23"><span class='ocrx_word' id='word_1_218' title='bbox 57 2142 213 2204; x_wconf 79' lang='lat' dir='ltr'><strong>berrimus:</strong></span> <span class='ocrx_word' id='word_1_219' title='bbox 232 2152 382 2218; x_wconf 77' lang='lat' dir='ltr'><strong>Egeram,</strong></span> <span class='ocrx_word' id='word_1_220' title='bbox 401 2167 468 2203; x_wconf 89' lang='lat' dir='ltr'><strong>cum</strong></span> <span class='ocrx_word' id='word_1_221' title='bbox 480 2161 574 2221; x_wconf 83' lang='lat' dir='ltr'><strong>postes</strong></span> <span class='ocrx_word' id='word_1_222' title='bbox 589 2152 750 2206; x_wconf 86' lang='lat' dir='ltr'><strong>doctissimi</strong></span> <span class='ocrx_word' id='word_1_223' title='bbox 760 2152 919 2206; x_wconf 82' lang='lat' dir='ltr'><strong>Burmanni</strong></span> <span class='ocrx_word' id='word_1_224' title='bbox 934 2155 1019 2205; x_wconf 87' lang='lat' dir='ltr'><strong>bene-</strong></span> 
     </span>
     <span class='ocr_line' id='line_1_30' title="bbox 57 2212 1020 2290; baseline 0.006 -24"><span class='ocrx_word' id='word_1_225' title='bbox 57 2212 124 2269; x_wconf 79' lang='lat' dir='ltr'><strong>ficio</strong></span> <span class='ocrx_word' id='word_1_226' title='bbox 138 2219 283 2287; x_wconf 75' lang='lat' dir='ltr'><strong>exemplar</strong></span> <span class='ocrx_word' id='word_1_227' title='bbox 294 2220 440 2271; x_wconf 81' lang='lat' dir='ltr'><strong>Heinsiani</strong></span> <span class='ocrx_word' id='word_1_228' title='bbox 457 2220 567 2272; x_wconf 81' lang='lat' dir='ltr'><strong>Horatii</strong></span> <span class='ocrx_word' id='word_1_229' title='bbox 586 2218 794 2290; x_wconf 62' lang='lat' dir='ltr'><strong>nactus&#39;esserru</strong></span> <span class='ocrx_word' id='word_1_230' title='bbox 814 2222 847 2275; x_wconf 94' lang='lat' dir='ltr'><strong>in</strong></span> <span class='ocrx_word' id='word_1_231' title='bbox 862 2222 931 2275; x_wconf 87' lang='lat' dir='ltr'><strong>libri</strong></span> <span class='ocrx_word' id='word_1_232' title='bbox 944 2239 1020 2274; x_wconf 83' lang='lat' dir='ltr'><strong>mar-</strong></span> 
     </span>
     <span class='ocr_line' id='line_1_31' title="bbox 57 2286 1019 2358; baseline 0.003 -22"><span class='ocrx_word' id='word_1_233' title='bbox 57 2286 125 2348; x_wconf 72' lang='lat' dir='ltr'><strong>gine</strong></span> <span class='ocrx_word' id='word_1_234' title='bbox 142 2287 195 2339; x_wconf 87' lang='lat' dir='ltr'><strong>hoc</strong></span> <span class='ocrx_word' id='word_1_235' title='bbox 214 2289 380 2339; x_wconf 83' lang='lat' dir='ltr'><strong>adnotatum</strong></span> <span class='ocrx_word' id='word_1_236' title='bbox 396 2288 527 2358; x_wconf 80' lang='lat' dir='ltr'><strong>repperi:</strong></span> <span class='ocrx_word' id='word_1_237' title='bbox 547 2293 644 2357; x_wconf 83' lang='lat' dir='ltr'><strong>vepris,</strong></span> <span class='ocrx_word' id='word_1_238' title='bbox 663 2292 821 2355; x_wconf 84' lang='lat' dir='ltr'><strong>Salmasius,</strong></span> <span class='ocrx_word' id='word_1_239' title='bbox 840 2304 904 2341; x_wconf 90' lang='lat' dir='ltr'><strong>teste</strong></span> <span class='ocrx_word' id='word_1_240' title='bbox 920 2291 1019 2341; x_wconf 85' lang='lat' dir='ltr'><strong>Mena·</strong></span> 
     </span>
     <span class='ocr_line' id='line_1_32' title="bbox 57 2354 1019 2472; baseline 0.006 -69"><span class='ocrx_word' id='word_1_241' title='bbox 57 2354 122 2472; x_wconf 54' lang='lat' dir='ltr'><strong>Eia:</strong></span> <span class='ocrx_word' id='word_1_242' title='bbox 138 2355 213 2407; x_wconf 79' lang='lat' dir='ltr'><strong>liene</strong></span> <span class='ocrx_word' id='word_1_243' title='bbox 230 2365 334 2422; x_wconf 85' lang='lat' dir='ltr'><strong>autern,</strong></span> <span class='ocrx_word' id='word_1_244' title='bbox 356 2373 550 2426; x_wconf 82' lang='lat' dir='ltr'><strong>quoecumque</strong></span> <span class='ocrx_word' id='word_1_245' title='bbox 562 2369 611 2422; x_wconf 84' lang='lat' dir='ltr'><strong>est,</strong></span> <span class='ocrx_word' id='word_1_246' title='bbox 631 2359 837 2411; x_wconf 84' lang='lat' dir='ltr'><strong>emendationis</strong></span> <span class='ocrx_word' id='word_1_247' title='bbox 852 2368 1019 2429; x_wconf 79' lang='lat' dir='ltr'><strong>praereptae</strong></span> 
     </span>
    </p>

    <p class='ocr_par' dir='ltr' id='par_1_8' title="bbox 91 2422 1019 2496">
     <span class='ocr_line' id='line_1_33' title="bbox 91 2422 1019 2496; baseline 0.005 -23"><span class='ocrx_word' id='word_1_248' title='bbox 91 2422 171 2475; x_wconf 88' lang='lat' dir='ltr'><strong>udem</strong></span> <span class='ocrx_word' id='word_1_249' title='bbox 190 2424 255 2476; x_wconf 78' lang='lat' dir='ltr'><strong>viro</strong></span> <span class='ocrx_word' id='word_1_250' title='bbox 275 2424 397 2476; x_wconf 83' lang='lat' dir='ltr'><strong>maximo</strong></span> <span class='ocrx_word' id='word_1_251' title='bbox 414 2424 539 2476; x_wconf 87' lang='lat' dir='ltr'><strong>libenter</strong></span> <span class='ocrx_word' id='word_1_252' title='bbox 556 2427 699 2495; x_wconf 72' lang='lat' dir='ltr'><strong>concedo,</strong></span> <span class='ocrx_word' id='word_1_253' title='bbox 736 2444 823 2496; x_wconf 84' lang='lat' dir='ltr'><strong>quam</strong></span> <span class='ocrx_word' id='word_1_254' title='bbox 847 2428 951 2479; x_wconf 80' lang='lat' dir='ltr'><strong>habeat</strong></span> <span class='ocrx_word' id='word_1_255' title='bbox 977 2443 1019 2479; x_wconf 86' lang='lat' dir='ltr'><strong>se-</strong></span> 
     </span>
    </p>
   </div>
   <div class='ocr_carea' id='block_1_5' title="bbox 57 2493 457 2562">
    <p class='ocr_par' dir='ltr' id='par_1_9' title="bbox 57 2493 457 2562">
     <span class='ocr_line' id='line_1_34' title="bbox 57 2493 457 2562; baseline 0.008 -19"><span class='ocrx_word' id='word_1_256' title='bbox 57 2499 134 2562; x_wconf 66' lang='lat' dir='ltr'><strong>eum,</strong></span> <span class='ocrx_word' id='word_1_257' title='bbox 152 2502 301 2562; x_wconf 84' lang='lat' dir='ltr'><strong>servetque</strong></span> <span class='ocrx_word' id='word_1_258' title='bbox 317 2493 457 2562; x_wconf 87' lang='lat' dir='ltr'><strong>sepulcro.</strong></span> 
     </span>
    </p>
   </div>
   <div class='ocr_carea' id='block_1_6' title="bbox 283 2592 790 2660">
    <p class='ocr_par' dir='ltr' id='par_1_10' title="bbox 283 2592 790 2660">
     <span class='ocr_line' id='line_1_35' title="bbox 283 2592 790 2660; baseline -0.002 -1"><span class='ocrx_word' id='word_1_259' title='bbox 283 2592 408 2659; x_wconf 83' lang='lat' dir='ltr'><strong>XXIV.</strong></span> <span class='ocrx_word' id='word_1_260' title='bbox 473 2613 525 2659; x_wconf 70' lang='lat' dir='ltr'><strong>tn</strong></span> <span class='ocrx_word' id='word_1_261' title='bbox 564 2612 790 2660; x_wconf 76' lang='lat' dir='ltr'><strong>vtucrcruu.</strong></span> 
     </span>
    </p>
   </div>
   <div class='ocr_carea' id='block_1_7' title="bbox 57 2698 1083 3661">
    <p class='ocr_par' dir='ltr' id='par_1_11' title="bbox 57 2698 1083 3661">
     <span class='ocr_line' id='line_1_36' title="bbox 91 2698 1020 2768; baseline -0.001 -18"><span class='ocrx_word' id='word_1_262' title='bbox 91 2715 115 2755; x_wconf 83' lang='lat'><strong>2.</strong></span> <span class='ocrx_word' id='word_1_263' title='bbox 137 2701 267 2767; x_wconf 85' lang='lat' dir='ltr'><strong>Praecipe</strong></span> <span class='ocrx_word' id='word_1_264' title='bbox 285 2701 406 2766; x_wconf 81' lang='lat' dir='ltr'><strong>lugubris</strong></span> <span class='ocrx_word' id='word_1_265' title='bbox 425 2700 533 2763; x_wconf 85' lang='lat' dir='ltr'><strong>Cantus,</strong></span> <span class='ocrx_word' id='word_1_266' title='bbox 551 2700 731 2767; x_wconf 79' lang='lat' dir='ltr'><strong>Melpomene]</strong></span> <span class='ocrx_word' id='word_1_267' title='bbox 754 2698 939 2751; x_wconf 85' lang='lat' dir='ltr'><strong>Recentiores</strong></span> <span class='ocrx_word' id='word_1_268' title='bbox 957 2698 1020 2768; x_wconf 87' lang='lat' dir='ltr'><strong>qui·</strong></span> 
     </span>
     <span class='ocr_line' id='line_1_37' title="bbox 57 2760 1019 2835; baseline 0.002 -19"><span class='ocrx_word' id='word_1_269' title='bbox 57 2760 124 2820; x_wconf 75' lang='lat' dir='ltr'><strong>dem</strong></span> <span class='ocrx_word' id='word_1_270' title='bbox 142 2768 209 2820; x_wconf 85' lang='lat' dir='ltr'><strong>libri</strong></span> <span class='ocrx_word' id='word_1_271' title='bbox 231 2786 264 2819; x_wconf 84' lang='lat' dir='ltr'><strong>ex</strong></span> <span class='ocrx_word' id='word_1_272' title='bbox 283 2769 354 2819; x_wconf 86' lang='lat' dir='ltr'><strong>meis</strong></span> <span class='ocrx_word' id='word_1_273' title='bbox 371 2769 528 2835; x_wconf 80' lang='lat' dir='ltr'><strong>Lugubres;</strong></span> <span class='ocrx_word' id='word_1_274' title='bbox 545 2768 646 2819; x_wconf 86' lang='lat' dir='ltr'><strong>vetusti</strong></span> <span class='ocrx_word' id='word_1_275' title='bbox 664 2786 732 2820; x_wconf 86' lang='lat' dir='ltr'><strong>vero</strong></span> <span class='ocrx_word' id='word_1_276' title='bbox 750 2768 911 2833; x_wconf 87' lang='lat' dir='ltr'><strong>Leidensis,</strong></span> <span class='ocrx_word' id='word_1_277' title='bbox 931 2769 1019 2819; x_wconf 82' lang='lat' dir='ltr'><strong>Grae·</strong></span> 
     </span>
     <span class='ocr_line' id='line_1_38' title="bbox 57 2834 1020 2906; baseline -0.001 -19"><span class='ocrx_word' id='word_1_278' title='bbox 57 2838 172 2906; x_wconf 72' lang='lat' dir='ltr'><strong>vienus,</strong></span> <span class='ocrx_word' id='word_1_279' title='bbox 203 2836 372 2904; x_wconf 82' lang='lat' dir='ltr'><strong>Reginensis</strong></span> <span class='ocrx_word' id='word_1_280' title='bbox 390 2854 456 2887; x_wconf 87' lang='lat' dir='ltr'><strong>eum</strong></span> <span class='ocrx_word' id='word_1_281' title='bbox 476 2837 618 2905; x_wconf 84' lang='lat' dir='ltr'><strong>plerisque</strong></span> <span class='ocrx_word' id='word_1_282' title='bbox 638 2836 759 2906; x_wconf 74' lang='lat' dir='ltr'><strong>Cruquii</strong></span> <span class='ocrx_word' id='word_1_283' title='bbox 776 2837 927 2902; x_wconf 84' lang='lat' dir='ltr'><strong>Lugubris:</strong></span> <span class='ocrx_word' id='word_1_284' title='bbox 946 2834 1020 2905; x_wconf 90' lang='lat' dir='ltr'><strong>quod</strong></span> 
     </span>
     <span class='ocr_line' id='line_1_39' title="bbox 57 2904 1021 2971; baseline -0.003 -13"><span class='ocrx_word' id='word_1_285' title='bbox 57 2905 157 2958; x_wconf 68' lang='lat' dir='ltr'><strong>lacten</strong></span> <span class='ocrx_word' id='word_1_286' title='bbox 186 2906 287 2957; x_wconf 87' lang='lat' dir='ltr'><strong>eodem</strong></span> <span class='ocrx_word' id='word_1_287' title='bbox 310 2905 403 2971; x_wconf 83' lang='lat' dir='ltr'><strong>redit3</strong></span> <span class='ocrx_word' id='word_1_288' title='bbox 431 2922 497 2955; x_wconf 85' lang='lat' dir='ltr'><strong>cum</strong></span> <span class='ocrx_word' id='word_1_289' title='bbox 521 2906 660 2956; x_wconf 83' lang='lat' dir='ltr'><strong>sollemne</strong></span> <span class='ocrx_word' id='word_1_290' title='bbox 684 2909 721 2956; x_wconf 89' lang='lat' dir='ltr'><strong>sit</strong></span> <span class='ocrx_word' id='word_1_291' title='bbox 744 2904 849 2956; x_wconf 81' lang='lat' dir='ltr'><strong>eisdem</strong></span> <span class='ocrx_word' id='word_1_292' title='bbox 874 2904 1021 2955; x_wconf 86' lang='lat' dir='ltr'><strong>codicibus</strong></span> 
     </span>
     <span class='ocr_line' id='line_1_40' title="bbox 57 2970 1009 3043; baseline -0.004 -18"><span class='ocrx_word' id='word_1_293' title='bbox 57 2975 238 3027; x_wconf 58' lang='lat' dir='ltr'><strong>accusativos</strong></span> <span class='ocrx_word' id='word_1_294' title='bbox 255 2974 380 3043; x_wconf 81' lang='lat' dir='ltr'><strong>plurales</strong></span> <span class='ocrx_word' id='word_1_295' title='bbox 397 2989 449 3042; x_wconf 87' lang='lat' dir='ltr'><strong>per</strong></span> <span class='ocrx_word' id='word_1_296' title='bbox 467 2975 490 3023; x_wconf 86' lang='lat' dir='ltr'><strong>is</strong></span> <span class='ocrx_word' id='word_1_297' title='bbox 514 2974 646 3027; x_wconf 84' lang='lat' dir='ltr'><strong>scrihere.</strong></span> <span class='ocrx_word' id='word_1_298' title='bbox 691 2970 766 3023; x_wconf 90' lang='lat' dir='ltr'><strong>Hinc</strong></span> <span class='ocrx_word' id='word_1_299' title='bbox 790 2982 886 3024; x_wconf 82' lang='lat' dir='ltr'><strong>tomen</strong></span> <span class='ocrx_word' id='word_1_300' title='bbox 903 2972 1009 3023; x_wconf 82' lang='lat' dir='ltr'><strong>Daniel</strong></span> 
     </span>
     <span class='ocr_line' id='line_1_41' title="bbox 57 3034 1021 3111; baseline -0.004 -17"><span class='ocrx_word' id='word_1_301' title='bbox 57 3034 177 3094; x_wconf 79' lang='lat' dir='ltr'><strong>Heinsio</strong></span> <span class='ocrx_word' id='word_1_302' title='bbox 204 3051 318 3111; x_wconf 81' lang='lat' dir='ltr'><strong>arrepta</strong></span> <span class='ocrx_word' id='word_1_303' title='bbox 340 3051 381 3092; x_wconf 89' lang='lat' dir='ltr'><strong>est</strong></span> <span class='ocrx_word' id='word_1_304' title='bbox 404 3042 514 3093; x_wconf 73' lang='lat' dir='ltr'><strong>occasio</strong></span> <span class='ocrx_word' id='word_1_305' title='bbox 540 3041 736 3093; x_wconf 86' lang='lat' dir='ltr'><strong>coniecturam</strong></span> <span class='ocrx_word' id='word_1_306' title='bbox 759 3041 881 3094; x_wconf 89' lang='lat' dir='ltr'><strong>minime</strong></span> <span class='ocrx_word' id='word_1_307' title='bbox 906 3058 935 3109; x_wconf 75' lang='lat' dir='ltr'><strong>se</strong></span> <span class='ocrx_word' id='word_1_308' title='bbox 959 3040 1021 3108; x_wconf 80' lang='lat' dir='ltr'><strong>dig-</strong></span> 
     </span>
     <span class='ocr_line' id='line_1_42' title="bbox 57 3108 1019 3180; baseline -0.004 -19"><span class='ocrx_word' id='word_1_309' title='bbox 57 3120 125 3164; x_wconf 77' lang='lat' dir='ltr'><strong>nam</strong></span> <span class='ocrx_word' id='word_1_310' title='bbox 153 3110 330 3180; x_wconf 81' lang='lat' dir='ltr'><strong>proferendi.</strong></span> <span class='ocrx_word' id='word_1_311' title='bbox 366 3110 434 3162; x_wconf 85' lang='lat' dir='ltr'><strong>Vult</strong></span> <span class='ocrx_word' id='word_1_312' title='bbox 458 3112 537 3160; x_wconf 89' lang='lat' dir='ltr'><strong>enim</strong></span> <span class='ocrx_word' id='word_1_313' title='bbox 562 3110 689 3177; x_wconf 82' lang='lat' dir='ltr'><strong>genitivo</strong></span> <span class='ocrx_word' id='word_1_314' title='bbox 715 3127 781 3161; x_wconf 83' lang='lat' dir='ltr'><strong>casu</strong></span> <span class='ocrx_word' id='word_1_315' title='bbox 799 3111 871 3162; x_wconf 80' lang='lat' dir='ltr'><strong>licea</strong></span> <span class='ocrx_word' id='word_1_316' title='bbox 897 3108 1019 3175; x_wconf 82' lang='lat' dir='ltr'><strong>concipi,</strong></span> 
     </span>
     <span class='ocr_line' id='line_1_43' title="bbox 57 3177 1021 3246; baseline 0 -18"><span class='ocrx_word' id='word_1_317' title='bbox 57 3178 231 3245; x_wconf 84' lang='lat' dir='ltr'><strong>Melpomene</strong></span> <span class='ocrx_word' id='word_1_318' title='bbox 255 3179 377 3244; x_wconf 81' lang='lat' dir='ltr'><strong>lugubris</strong></span> <span class='ocrx_word' id='word_1_319' title='bbox 400 3192 508 3242; x_wconf 86' lang='lat' dir='ltr'><strong>cantus,</strong></span> <span class='ocrx_word' id='word_1_320' title='bbox 544 3178 597 3230; x_wconf 85' lang='lat' dir='ltr'><strong>dea</strong></span> <span class='ocrx_word' id='word_1_321' title='bbox 622 3177 734 3229; x_wconf 89' lang='lat' dir='ltr'><strong>scilicet</strong></span> <span class='ocrx_word' id='word_1_322' title='bbox 755 3189 854 3230; x_wconf 82' lang='lat' dir='ltr'><strong>centus</strong></span> <span class='ocrx_word' id='word_1_323' title='bbox 879 3177 1021 3246; x_wconf 83' lang='lat' dir='ltr'><strong>lugubris.</strong></span> 
     </span>
     <span class='ocr_line' id='line_1_44' title="bbox 57 3244 1024 3317; baseline -0.003 -18"><span class='ocrx_word' id='word_1_324' title='bbox 57 3245 145 3301; x_wconf 88' lang='lat' dir='ltr'><strong>Dolet</strong></span> <span class='ocrx_word' id='word_1_325' title='bbox 171 3247 299 3317; x_wconf 87' lang='lat' dir='ltr'><strong>profecto</strong></span> <span class='ocrx_word' id='word_1_326' title='bbox 325 3247 473 3298; x_wconf 88' lang='lat' dir='ltr'><strong>hominem</strong></span> <span class='ocrx_word' id='word_1_327' title='bbox 497 3254 526 3297; x_wconf 85' lang='lat' dir='ltr'><strong>et</strong></span> <span class='ocrx_word' id='word_1_328' title='bbox 548 3246 660 3315; x_wconf 81' lang='lat' dir='ltr'><strong>ingenii</strong></span> <span class='ocrx_word' id='word_1_329' title='bbox 684 3257 712 3298; x_wconf 92' lang='lat' dir='ltr'><strong>et</strong></span> <span class='ocrx_word' id='word_1_330' title='bbox 737 3247 907 3298; x_wconf 89' lang='lat' dir='ltr'><strong>eruditionis</strong></span> <span class='ocrx_word' id='word_1_331' title='bbox 929 3244 1024 3314; x_wconf 78' lang='lat' dir='ltr'><strong>gloria</strong></span> 
     </span>
     <span class='ocr_line' id='line_1_45' title="bbox 57 3314 1024 3384; baseline -0.008 -16"><span class='ocrx_word' id='word_1_332' title='bbox 57 3317 129 3368; x_wconf 78' lang='lat' dir='ltr'><strong>alias</strong></span> <span class='ocrx_word' id='word_1_333' title='bbox 146 3316 299 3366; x_wconf 86' lang='lat' dir='ltr'><strong>florentem</strong></span> <span class='ocrx_word' id='word_1_334' title='bbox 319 3316 388 3366; x_wconf 86' lang='lat' dir='ltr'><strong>adeo</strong></span> <span class='ocrx_word' id='word_1_335' title='bbox 410 3316 533 3384; x_wconf 89' lang='lat' dir='ltr'><strong>turpiter</strong></span> <span class='ocrx_word' id='word_1_336' title='bbox 552 3333 581 3366; x_wconf 88' lang='lat' dir='ltr'><strong>se</strong></span> <span class='ocrx_word' id='word_1_337' title='bbox 600 3316 631 3367; x_wconf 91' lang='lat' dir='ltr'><strong>in</strong></span> <span class='ocrx_word' id='word_1_338' title='bbox 646 3317 764 3367; x_wconf 78' lang='lat' dir='ltr'><strong>Horatio</strong></span> <span class='ocrx_word' id='word_1_339' title='bbox 782 3316 898 3367; x_wconf 85' lang='lat' dir='ltr'><strong>dedisse.</strong></span> <span class='ocrx_word' id='word_1_340' title='bbox 935 3314 1024 3364; x_wconf 86' lang='lat' dir='ltr'><strong>Cuius</strong></span> 
     </span>
     <span class='ocr_line' id='line_1_46' title="bbox 57 3380 1024 3452; baseline -0.006 -16"><span class='ocrx_word' id='word_1_341' title='bbox 57 3386 137 3436; x_wconf 84' lang='lat' dir='ltr'><strong>enirn</strong></span> <span class='ocrx_word' id='word_1_342' title='bbox 154 3400 238 3435; x_wconf 85' lang='lat' dir='ltr'><strong>aures</strong></span> <span class='ocrx_word' id='word_1_343' title='bbox 257 3401 315 3434; x_wconf 91' lang='lat' dir='ltr'><strong>non</strong></span> <span class='ocrx_word' id='word_1_344' title='bbox 333 3384 408 3434; x_wconf 89' lang='lat' dir='ltr'><strong>istud</strong></span> <span class='ocrx_word' id='word_1_345' title='bbox 425 3384 584 3452; x_wconf 81' lang='lat' dir='ltr'><strong>refugient,</strong></span> <span class='ocrx_word' id='word_1_346' title='bbox 614 3385 782 3452; x_wconf 85' lang='lat' dir='ltr'><strong>Melpomene</strong></span> <span class='ocrx_word' id='word_1_347' title='bbox 802 3382 918 3433; x_wconf 75' lang='lat' dir='ltr'><strong>castrus?</strong></span> <span class='ocrx_word' id='word_1_348' title='bbox 953 3380 1024 3450; x_wconf 85' lang='lat' dir='ltr'><strong>Quis</strong></span> 
     </span>
     <span class='ocr_line' id='line_1_47' title="bbox 57 3452 1024 3522; baseline -0.007 -18"><span class='ocrx_word' id='word_1_349' title='bbox 57 3469 199 3522; x_wconf 85' lang='lat' dir='ltr'><strong>umquam</strong></span> <span class='ocrx_word' id='word_1_350' title='bbox 218 3452 263 3502; x_wconf 90' lang='lat' dir='ltr'><strong>vel</strong></span> <span class='ocrx_word' id='word_1_351' title='bbox 281 3452 368 3504; x_wconf 79' lang='lat' dir='ltr'><strong>sendo</strong></span> <span class='ocrx_word' id='word_1_352' title='bbox 386 3453 505 3516; x_wconf 78' lang='lat' dir='ltr'><strong>audivit,</strong></span> <span class='ocrx_word' id='word_1_353' title='bbox 531 3454 617 3503; x_wconf 81' lang='lat' dir='ltr'><strong>Venus</strong></span> <span class='ocrx_word' id='word_1_354' title='bbox 636 3471 763 3514; x_wconf 75' lang='lat' dir='ltr'><strong>cneorum,</strong></span> <span class='ocrx_word' id='word_1_355' title='bbox 783 3453 877 3519; x_wconf 85' lang='lat' dir='ltr'><strong>Apollo</strong></span> <span class='ocrx_word' id='word_1_356' title='bbox 899 3452 1024 3513; x_wconf 81' lang='lat' dir='ltr'><strong>musicae,</strong></span> 
     </span>
     <span class='ocr_line' id='line_1_48' title="bbox 57 3518 1083 3586; baseline -0.006 -15"><span class='ocrx_word' id='word_1_357' title='bbox 57 3522 191 3572; x_wconf 82' lang='lat' dir='ltr'><strong>Minerva</strong></span> <span class='ocrx_word' id='word_1_358' title='bbox 210 3524 318 3585; x_wconf 84' lang='lat' dir='ltr'><strong>artium,</strong></span> <span class='ocrx_word' id='word_1_359' title='bbox 339 3522 404 3570; x_wconf 86' lang='lat' dir='ltr'><strong>deus</strong></span> <span class='ocrx_word' id='word_1_360' title='bbox 421 3522 467 3572; x_wconf 90' lang='lat' dir='ltr'><strong>vel</strong></span> <span class='ocrx_word' id='word_1_361' title='bbox 485 3523 535 3570; x_wconf 84' lang='lat' dir='ltr'><strong>dea</strong></span> <span class='ocrx_word' id='word_1_362' title='bbox 554 3521 778 3583; x_wconf 77' lang='lat' dir='ltr'><strong>subintellecto?</strong></span> <span class='ocrx_word' id='word_1_363' title='bbox 797 3519 884 3585; x_wconf 81' lang='lat' dir='ltr'><strong>Adde,</strong></span> <span class='ocrx_word' id='word_1_364' title='bbox 904 3518 980 3586; x_wconf 87' lang='lat' dir='ltr'><strong>quod</strong></span> <span class='ocrx_word' id='word_1_365' title='bbox 998 3526 1027 3566; x_wconf 89' lang='lat' dir='ltr'><strong>et</strong></span> <span class='ocrx_word' id='word_1_366' title='bbox 1080 3532 1083 3537; x_wconf 92' lang='lat'>·</span> 
     </span>
     <span class='ocr_line' id='line_1_49' title="bbox 58 3586 1028 3661; baseline -0.005 -19"><span class='ocrx_word' id='word_1_367' title='bbox 58 3588 235 3661; x_wconf 82' lang='lat' dir='ltr'><strong>sententiam</strong></span> <span class='ocrx_word' id='word_1_368' title='bbox 253 3605 366 3659; x_wconf 86' lang='lat' dir='ltr'><strong>quoque</strong></span> <span class='ocrx_word' id='word_1_369' title='bbox 382 3590 534 3656; x_wconf 82' lang='lat' dir='ltr'><strong>subvertit,</strong></span> <span class='ocrx_word' id='word_1_370' title='bbox 564 3591 635 3644; x_wconf 85' lang='lat' dir='ltr'><strong>dum</strong></span> <span class='ocrx_word' id='word_1_371' title='bbox 657 3589 823 3643; x_wconf 79' lang='lat' dir='ltr'><strong>huiusmodi</strong></span> <span class='ocrx_word' id='word_1_372' title='bbox 840 3586 1028 3639; x_wconf 84' lang='lat' dir='ltr'><strong>constructio·</strong></span> 
     </span>
    </p>
   </div>
   <div class='ocr_carea' id='block_1_8' title="bbox 0 0 1131 3990">
    <p class='ocr_par' dir='ltr' id='par_1_12' title="bbox 0 0 1131 3990">
     <span class='ocr_line' id='line_1_50' title="bbox 0 0 1131 3990; baseline 0 0"><span class='ocrx_word' id='word_1_373' title='bbox 0 0 1131 3990; x_wconf 95' lang='lat' dir='ltr'><strong> </strong></span> 
     </span>
    </p>
   </div>
  </div>
 </body>
</html>
