2250 3990
182 296 385 340 οιιιιιιιιιιιιι
423 300 495 348 m.
528 278 571 347 li.
793 290 857 355 155

56 394 141 434 sensu
168 379 316 451 eleganter
344 381 446 435 dicunt
471 390 617 453 auctorem
655 382 740 442 ond.
771 387 856 444 Pont.

44 530 74 571 ut
92 521 122 571 in
139 518 255 591 Peritum
274 519 353 571 Pelia
373 521 494 570 mittente
512 521 654 591 prostatus,

44 588 116 639 ivix
133 588 296 641 Theataliac
313 587 375 640 fine
392 590 525 641 timendus
545 602 611 640 erat.

44 654 183 707 Thessalia
200 670 284 709 tenus.
319 659 401 709 Idem
419 658 449 708 in
469 657 648 710 Halieutico:

47 742 142 794 rosque
150 725 236 793 seror
252 725 437 795 scopulorum
455 727 513 778 fine
532 740 670 787 moratuss

44 794 171 846 »uiarum
189 803 281 847 tenue.
317 794 468 847 Lucretius
486 794 533 859 IV,
554 795 613 858 628.

44 864 65 913 le
84 863 210 929 voluptas
226 877 265 914 est
282 882 296 915 e
314 880 393 915 succo
406 864 465 918 fine
483 862 587 932 palati:

44 931 191 1001 ¹gendum,
223 948 283 985 non
308 941 340 982 ut
358 929 445 1001 vulgo
464 933 493 981 in
503 930 585 997 jine:
614 930 710 1053 Ψιῐο
727 940 811 987 unua
827 942 857 987 et

45 1016 184 1071 ,sapores
202 1009 355 1069 gustamua.
386 999 500 1051 Gellius
516 1002 539 1067 Ι,
559 1018 584 1069 3.
649 1018 682 1053 aa
702 1002 754 1053 fini
774 1020 855 1069 ames,

45 1069 114 1131 sorte
123 1068 242 1136 fortuna
259 1087 361 1131 esurus,
380 1067 433 1121 hac
453 1068 547 1119 itidem
564 1078 646 1120 tenus
664 1070 769 1137 oderis,
788 1085 856 1121 tam·

44 1150 112 1187 tasse
143 1151 203 1204 post
233 1150 381 1189 amaturus.
423 1137 487 1188 Huc
512 1136 602 1190 etiam
628 1148 754 1207 pertinet
775 1139 857 1197 ,illud
920 1184 924 1193 .

46 1215 131 1257 etam.
151 1206 188 1271 11,
209 1220 268 1273 131.
537 1254 548 1283 ι
633 1262 638 1269 ,

44 1292 149 1341 eramque
168 1275 249 1323 trium
269 1285 407 1324 contentus
422 1272 489 1337 fine,
511 1272 653 1342 polumque

45 1343 84 1392 ito
102 1342 256 1405 australem,
275 1338 444 1411 iunctumque
464 1342 635 1410 aquilonibus
652 1342 768 1392 Arcton:

45 1412 155 1461 ienecae
173 1410 208 1461 de
226 1410 378 1463 Beneficiis
404 1410 458 1477 vt,
487 1418 530 1472 23.
585 1411 650 1460 Vide
673 1413 703 1460 in
726 1422 856 1479 quantum

45 1480 161 1545 uagari
184 1479 279 1543 liceat,
308 1495 376 1547 quae
400 1497 455 1529 non
479 1479 595 1528 coirouit
618 1478 676 1531 fine
700 1487 853 1545 terrarum,

45 1566 60 1595 n
78 1549 108 1597 in
123 1560 226 1613 partem
244 1549 288 1597 eui
311 1549 392 1597 misit.
432 1546 517 1616 Quod
540 1546 565 1598 ti
590 1546 659 1598 huic
683 1546 856 1615 interpreta-

45 1614 109 1680 tdis3
142 1616 201 1665 iam
226 1625 255 1667 et
279 1614 358 1665 aliud
381 1616 500 1666 restabit
517 1632 550 1664 ex
574 1618 740 1666 coniectura
758 1632 854 1667 emen·

66 1682 143 1753 Quid
162 1683 240 1734 enim
263 1683 312 1734 hic
328 1683 417 1734 faciet
436 1684 542 1750 rapacis
560 1680 647 1733 Orci?
675 1700 767 1752 neque
786 1700 854 1735 vero

45 1769 89 1803 uni
108 1751 178 1803 aliar.
195 1753 236 1803 sic
253 1761 332 1802 recte
351 1750 418 1817 dici,
437 1759 469 1801 ut
487 1751 594 1803 Seneca
615 1751 732 1820 Hippot.
753 1752 813 1822 457.

47 1835 103 1872 tam
119 1837 237 1889 rapaces
255 1832 376 1871 cerneret
392 1819 445 1871 tati
464 1836 568 1869 manus.

45 1976 58 2008 ι
74 1959 189 2021 Actaeae
206 1957 358 2007 veneranda
374 1956 459 2022 genti,

64 2027 104 2076 nil
121 2028 198 2076 delus
217 2036 317 2093 patruo
335 2024 443 2093 rapaci,

45 2097 103 2146 oni⁴
141 2098 244 2145 Verum
262 2094 325 2159 hie,
352 2093 401 2145 ubi
420 2093 512 2144 Orcus
531 2106 589 2142 non
606 2107 748 2158 personam
766 2100 854 2157 notet,

45 2182 70 2221 ι,·
97 2171 125 2214 ot
150 2164 184 2214 de
208 2164 267 2213 eius
278 2162 356 2228 sine,
385 2160 494 2228 limite,
525 2159 617 2229 spatio
637 2161 749 2228 agitur,
777 2163 855 2214 iners

45 2231 150 2283 ithoten
176 2241 204 2282 et
230 2232 349 2282 otiosum
369 2230 481 2281 videtur
504 2228 577 2279 illud
597 2231 704 2294 Rapax.
740 2229 855 2282 Literna

45 2300 167 2352 initiales
184 2300 270 2351 facile
288 2301 319 2349 in
337 2299 538 2367 manuscriptis
562 2298 760 2363 mutabantur3
789 2300 856 2378 quia

48 2386 63 2418 e
88 2370 206 2420 omissae
237 2376 317 2419 erant
343 2385 359 2417 a
385 2367 539 2432 Librariis,
577 2376 609 2416 ut
637 2376 736 2434 postea
763 2371 855 2420 minio

45 2447 98 2488 tur.
133 2439 173 2501 Id,
194 2438 305 2506 opinor,
325 2435 373 2486 hic
391 2435 448 2487 loci
467 2435 577 2500 evenit3
597 2444 625 2486 at
643 2437 853 2504 corrigendum,

45 2507 83 2555 eis
106 2503 171 2557 Orci
182 2507 243 2571 sine
261 2506 402 2554 destinata.
484 2505 492 2513 ’

49 2575 107 2641 uit,
136 2592 168 2624 ex
186 2575 311 2643 paternis
329 2572 445 2623 aedibus
463 2580 605 2622 extorrem
623 2571 683 2637 egis
700 2590 856 2643 pauperem

45 2645 51 2674 '
68 2643 167 2694 eadem
185 2643 308 2705 tandem,
328 2650 440 2710 quatu,
461 2641 526 2691 aula
544 2641 701 2694 habitabit:
721 2652 805 2711 atque
823 2662 856 2697 ea

45 2712 88 2777 is,
124 2712 229 2781 quippe
253 2726 326 2780 quae
350 2710 465 2776 Capacis
487 2709 557 2760 Orci
585 2708 676 2776 spatio
703 2713 856 2766 terminata

46 2780 66 2830 l.
88 2779 205 2831 Metam.
227 2780 273 2846 lv,
293 2793 350 2845 459.
371 2778 402 2828 in
421 2777 614 2845 descriptione
626 2777 705 2845 (lrci,

66 2865 152 2915 capax
171 2851 268 2911 adime,
287 2861 312 2897 et
331 2859 437 2913 apertas
456 2847 571 2911 undique
588 2857 680 2911 portas

56 2915 152 2966 halet:
170 2931 249 2981 ritorto
261 2915 365 2981 fretum
385 2916 416 2964 de
437 2927 492 2965 tota
502 2915 625 2979 flamina
643 2926 731 2978 terra,·

46 3002 117 3033 mnes
136 2987 240 3034 anr'nuis
259 2985 332 3033 locus
349 2985 446 3050 accipit
464 2983 521 3045 ille,
541 2999 588 3030 nec
606 2980 675 3031 ulti'

48 3072 89 3101 ιιιι
105 3055 200 3118 populo
219 3066 266 3115 est,
286 3052 422 3101 turbamve
441 3051 566 3100 accedere
583 3051 673 3103 sentit.

46 3138 108 3172 cra.
127 3124 192 3171 Fur.
216 3141 240 3171 v.
260 3122 320 3186 (¹53.
340 3121 375 3170 de
396 3120 471 3185 Dite,

46 3207 113 3238 >nune
132 3192 232 3255 mundi,
254 3203 329 3257 teque
347 3189 528 3239 dominantem
545 3204 641 3254 precor

49 3276 63 3307 o
85 3260 191 3326 (epam.

46 3338 192 3395 uciunqne
209 3326 279 3377 haec
297 3325 337 3376 sic
356 3322 421 3375 satis
439 3322 564 3393 speciosa
581 3314 653 3386 siiit3
684 3322 735 3374 illa
753 3331 857 3393 tamen,

46 3395 171 3460 pluribus
189 3394 328 3446 arridebit
347 3403 376 3444 et
393 3390 555 3442 adlubescet
571 3391 671 3452 lectio,
702 3410 787 3462 quein
805 3402 861 3445 tres

46 3464 195 3533 Jruquiani
219 3474 248 3515 et
275 3481 308 3515 ex
332 3463 434 3514 nastris
462 3460 691 3513 Zulicliemianus
723 3463 861 3514 suberini-

46 3619 60 3649 a
80 3603 176 3650 certior
193 3613 283 3650 tamen

46 3672 126 3733 ipacis
148 3668 214 3719 Orci
230 3668 295 3721 cade
315 3666 451 3719 destinata
522 3700 530 3709 -
