2250 3990
202 120 405 165 cremnon
422 108 424 112 '
440 121 512 191 ire.
541 101 606 203 lli.
807 103 885 191 ¹²⁰⁶

10 210 65 259 ten
82 220 164 257 versu
183 204 225 258 26.
520 248 523 253 .

10 272 82 323 lulta
100 274 248 324 Dircaeum
266 271 337 323 levat
355 290 422 324 neira
438 290 550 341 oyenum

10 340 102 406 'cuelin
124 341 238 405 Antoni,
260 344 363 409 quoties
379 344 408 392 in
426 344 504 393 altor.
700 406 702 411 Κ
927 388 930 393 .

10 409 89 461 tineis
106 409 293 475 coniecturis,
320 411 407 467 tutius
425 415 568 480 satiusque
584 417 625 461 est
641 408 794 464 lectionem
813 407 884 462 elte-
937 432 941 447 ·

10 478 89 547 equi,
112 494 197 547 quam
215 478 270 529 duo
284 477 478 548 Lambinieni,
498 488 529 530 et
543 480 652 551 Regiae
671 477 819 537 societatis
834 494 885 532 co·
968 474 971 483 '

10 545 220 611 ehrninistrent,
551 554 554 567 '
602 596 608 605 ,
756 581 759 587 -
862 558 865 567 “

10 618 77 665 iocre
93 614 238 666 'sermones
255 612 391 682 trinusque
410 613 538 682 linguae:
573 628 576 633 ’
614 632 617 648 ³

10 698 68 733 rm.
89 683 141 750 Ill,
161 699 186 752 9.
464 706 468 735 ι
577 703 580 708 ’

10 750 96 801 lulces
116 750 197 802 docta
215 749 323 815 modos,
345 762 371 801 et
388 748 509 805 citharae
525 757 622 806 sciens.
719 769 728 797 ⁸

10 818 119 871 ¹hene
149 819 299 872 confirmet
328 817 457 874 Donatus
491 823 527 875 ed
557 821 689 877 Terentii
713 819 887 876 Eunuchum

133 1002 136 1011 .
485 979 552 1030 qnae
571 961 685 1012 liberum

10 1024 68 1074 rire
87 1040 198 1090 aequum
215 1039 255 1079 est
272 1028 468 1089 adolescentem
484 1031 618 1083 sollertem
633 1030 711 1079 dabo.

26 1094 102 1144 haec
118 1096 262 1162 sollertem,
283 1110 312 1148 ut
329 1096 475 1164 Horatius,
496 1099 581 1149 Docte
597 1112 732 1149 sermones
748 1096 886 1164 utriusque
950 1152 956 1167 1

10 1161 67 1211 ie:·
82 1179 117 1211 an
141 1165 325 1216 assumendum
349 1180 389 1218 est
413 1167 458 1219 his
476 1167 660 1220 extrinsecus?
694 1164 836 1235 Equidem
853 1163 887 1215 in

9 1228 292 1284 tDoneti‘editione
316 1252 391 1288 enno
414 1249 488 1305 1503.
519 1245 546 1285 et
570 1234 669 1291 neseio
692 1250 729 1285 en
751 1232 782 1283 iu
809 1232 883 1300 eliis,
933 1288 938 1292 ,

25 1296 79 1349 hie
99 1302 226 1368 reperias
244 1304 384 1356 Sermonis.
420 1305 473 1355 Sed
493 1305 606 1374 inepte,
634 1308 663 1354 tt
679 1310 780 1354 contre
797 1300 887 1373 ipsius

10 1360 30 1417 ti
50 1370 246 1435 propositum
274 1373 323 1440 qui
342 1373 408 1424 ideo
425 1373 479 1430 hoc
498 1373 581 1440 nitet,
600 1381 632 1422 ut
650 1371 778 1422 ostendat
794 1370 889 1420 soller-

10 1450 68 1485 :tun
90 1442 250 1490 accusativo
273 1458 340 1507 quae
362 1440 408 1507 eel
434 1440 500 1491 haee
528 1459 593 1508 quae
616 1456 695 1509 posse
721 1438 818 1504 iungi,
854 1444 887 1504 ut

25 1501 180 1560 Horatium
205 1508 308 1558 Doctus
331 1509 456 1560 eundern
482 1525 578 1559 casum
604 1509 662 1558 reci
685 1509 731 1558 iet
769 1505 890 1556 Accedit

10 1579 42 1622 et
61 1569 230 1626 Consentius
247 1585 327 1627 vetus
344 1577 568 1642 Grammaticus,
596 1595 623 1646 p.
644 1525 720 1643 2555.
753 1575 888 1625 Accusati·
951 1582 953 1589 ’

10 1636 132 1707 natine,
159 1644 206 1693 sed
216 1642 357 1709 figurate,
388 1645 479 1695 doctus
501 1659 663 1708 sermonem,
690 1659 784 1693 exosus
807 1643 888 1706 tetta,

10 1708 181 1774 tiusfuture.
219 1712 316 1780 Neque
334 1713 412 1764 enim
433 1712 559 1781 dubites,
595 1715 664 1781 quin
686 1712 721 1761 ad
739 1711 816 1765 hunc
834 1711 889 1760 No·
938 1730 940 1737 ’

10 1792 94 1829 ocum
110 1779 282 1849 respexerit3
316 1782 426 1852 puriter
449 1789 482 1832 ut
506 1783 543 1835 ed
568 1770 684 1849 Virgilii
706 1776 792 1830 illum
816 1779 888 1832 Aen.

10 1859 32 1963 lt
46 1859 173 1966 iuvenem
190 1931 306 1969 exosum
322 1904 497 1987 nequicquein
516 1915 592 1969 helle
609 1916 761 1967 Menoeten.
780 1924 782 1929 ’
804 1940 807 1949 ¹

10 1980 104 2050 igitur
121 2001 188 2037 rere
205 1985 307 2053 lectio,
332 1987 418 2038 Docte
436 2004 583 2037 sermones:
600 2001 678 2036 nune
697 1985 731 2036 de
750 1986 811 2054 ipse
827 1999 890 2034 een·

10 2050 200 2115 ivideemus;
232 2070 319 2123 quae,
348 2054 373 2106 ei
390 2058 488 2108 omnes
505 2050 787 2122 interpreteneudis,
814 2048 892 2103 nihil

26 2118 84 2169 erit
100 2136 185 2189 quern
204 2121 272 2176 hoc:
301 2121 352 2188 Tu,
370 2126 416 2191 qni
433 2125 496 2173 bene
515 2124 616 2174 Graece
634 2124 782 2189 Latineque
799 2121 890 2187 loque·

10 2189 120 2251 tiraris,
139 2207 261 2256 turego,
282 2209 341 2240 cum
359 2192 461 2242 caelebs
477 2194 537 2256 iim,
559 2193 669 2242 Martiis
687 2191 814 2240 Calendis
833 2205 889 2237 rem

10 2273 53 2305 ern
65 2256 180 2321 seciam.
218 2260 271 2309 Ubi
289 2259 413 2311 libenter
431 2261 527 2311 doceri
547 2260 649 2325 velim,
670 2259 744 2331 quidx
757 2257 793 2307 ad
812 2256 891 2305 Mor-

10 2322 137 2374 Z'olendos
160 2327 293 2394 attineat,
322 2337 370 2378 etit
395 2329 536 2397 quomodo
555 2328 758 2376 admirationem
778 2326 891 2374 Maeee-

24 2399 73 2443 eut
90 2394 201 2444 minuat
220 2404 268 2445 aut
287 2405 395 2462 augeat,
416 2397 491 2465 quod
509 2405 658 2462 utramque
678 2411 742 2444 eum
762 2393 893 2460 linguam

24 2459 130 2511 cellere
150 2460 240 2513 dicit?
275 2463 359 2533 Quod
383 2464 407 2515 si
431 2464 504 2515 nihil
532 2464 567 2514 ad
591 2464 753 2513 remittam
770 2461 893 2511 occasio·

10 2545 33 2578 re
53 2529 197 2597 pertinent
215 2548 248 2581 ea
266 2534 365 2599 verbe,
393 2551 451 2584 non
471 2532 568 2600 rideo,
591 2547 643 2582 cur
661 2528 760 2596 putide
778 2544 894 2597 prorsus

10 2594 218 2661 npooieoriooo
252 2598 300 2650 hie
330 2597 505 2668 ingerentur.
551 2603 649 2670 Neque
681 2599 757 2648 enim
789 2596 894 2649 eximie

10 2664 87 2718 nnn
105 2667 280 2719 Maecenatis
306 2667 366 2719 laus
397 2679 458 2721 eret
486 2668 595 2720 Graece
624 2666 780 2734 Latineque
808 2665 892 2733 scire,
919 2673 923 2681 “

16 2733 127 2783 Romae
145 2752 176 2785 ee
195 2744 360 2805 tempestate
379 2739 471 2807 quivis
488 2737 629 2789 Senatoris
647 2735 790 2801 Equitisve
807 2733 893 2800 iilius,

13 2809 42 2850 et
62 2801 97 2850 de
115 2801 197 2870 plehe
217 2805 371 2871 innumeri,
392 2802 521 2858 liberiini
540 2809 626 2856 etiem
645 2812 673 2854 et
690 2803 771 2867 servi,
785 2803 895 2853 Graece
970 2814 973 2819 ’

10 2877 130 2919 erentur.
160 2873 312 2925 Enimvero
332 2873 408 2925 eliud
429 2875 497 2943 quid
513 2885 543 2925 et
557 2875 647 2926 maius
667 2871 715 2921 hic
733 2869 897 2937 significent

11 2954 91 3002 ones,
120 2948 223 2991 n'sm'e
246 2940 356 3006 Libros,
391 2943 550 3006 Trecentos,
584 2941 735 3003 Historias,
763 2949 795 2991 ut
819 2937 896 3008 apud

12 3022 75 3068 cos,
97 3005 174 3056 ΑΘΓ
198 3011 226 3073 l,
244 3009 440 3078 Xenophontis
459 3005 641 3074 Οἰκονῡμικὸς
659 3001 737 3074 λόγος
755 3017 807 3063 etc.
827 3007 897 3058 inde

10 3091 80 3140 ores,
100 3073 275 3146 Philosophi,
299 3080 452 3145 Historici,
473 3072 651 3145 rioyorosirpoe
670 3075 815 3144 appellati.
852 3077 896 3128 ita

13 3144 79 3261 tiuls1
83 3142 193 3260 1Sutiras
218 3162 279 3198 sues
304 3149 441 3198 Sermones
464 3148 523 3199 sire
547 3143 655 3213 Λόγους
672 3144 833 3216 inscripsit,
865 3152 896 3196 et

10 3228 31 3261 t.
128 3225 170 3265 21·

10 3278 71 3328 Non
89 3252 145 3344 ille,
164 3294 322 3350 quamquem
339 3282 489 3333 Socraticis
507 3281 594 3340 madet

10 3346 196 3414 tentionibus,
219 3363 243 3400 te
261 3355 380 3418 negliget
399 3351 541 3401 horridus:

12 3426 32 3481 t,
53 3416 244 3483 Σωκρατικοῖς
259 3415 363 3484 λόγοις.
399 3420 473 3487 Ergo
494 3423 547 3471 hoo
565 3416 626 3469 vult
644 3416 796 3488 Horatius,

10 3484 87 3536 Docte
107 3502 241 3538 sermones
260 3489 394 3556 utriusque
414 3492 532 3556 linguae,
552 3487 660 3537 mireris
