2250 3990
128 39 789 82 -Ἧ

303 215 500 257 urrunnun
529 213 602 261 ure.
635 191 667 266 1,
700 208 732 269 3·
786 262 794 277 χ
931 204 1006 275 lbi,

43 296 185 348 eucratius
202 295 248 364 IV,
268 305 373 360 580.·‘
413 338 418 349 .

379 365 420 414 ito
437 362 527 426 colles,
548 362 663 413 collibus
678 362 744 427 ipsis

43 468 67 481 ..
101 429 187 481 Verba
207 431 372 497 repulsantes
388 432 530 484 iterabant
546 433 620 483 dicto
639 430 745 497 referre.
795 462 800 471 ·

43 496 130 551 ioster
153 497 239 567 Epist.
259 501 281 563 Ι,
305 511 343 562 13.
365 518 389 553 v.
410 518 450 553 η.
741 510 744 515 “

97 568 141 617 Sic
152 566 243 623 ¹iterat
259 585 343 633 voces,
362 581 388 618 et
406 571 487 619 verba
504 568 628 619 cadentia
643 566 725 618 tollit.

63 650 104 688 ιο.
133 634 256 685 Habebat
276 654 356 703 saepe
375 636 500 688 ducentos
525 638 607 703 Saepe
631 636 721 686 decem
742 636 842 704 seruos]
870 640 985 695 strenia.
1048 648 1064 667 ²

43 718 81 755 urs
99 702 202 768 codex,
231 704 314 754 cuiue
337 704 477 758 variantes
497 705 632 758 lectiones
648 704 739 755 serius
762 704 798 759 ad
816 722 863 757 me
886 724 984 777 perre-

44 779 147 837 eruut,
167 787 219 840 pro
239 770 363 823 Habebat
382 783 515 844 corrupte
531 772 617 827 babet
634 768 770 837 Hdelrat5
793 773 869 829 uude
887 787 984 833 tamon

43 840 152 893 trtnseis
172 840 381 909 emendandum
401 850 448 910 eet,
554 848 557 853 '
778 888 781 893 .
959 880 971 889 -

138 909 140 913 ’
376 911 471 963 alebat
487 926 567 977 saepe
584 909 720 975 ducentos,
973 952 997 977 .·
1024 956 1027 965 ‚

92 976 176 1042 Saepe
195 977 284 1027 decem
300 994 399 1029 servos.
503 994 506 999 ·
953 1023 957 1029 .

43 1040 104 1093 llere
119 1062 212 1095 seruos
229 1044 390 1112 eleganter,
416 1052 449 1096 nt
465 1040 570 1095 Graeci
587 1043 623 1097 ad
640 1045 760 1101 verbum
778 1042 893 1103 Bioneis
912 1044 971 1106 elui

43 1126 91 1173 ασς
110 1112 252 1181 Aristoph.
271 1112 433 1180 Lysistrsta.
450 1130 477 1163 v.
498 1126 572 1179 1205.
629 1129 631 1133 “
993 1134 996 1139 ·

90 1178 130 1232 Εἰ
145 1176 176 1231 δέ
195 1199 233 1249 τῳ
249 1177 288 1248 μὴ
307 1184 382 1241 σῖτος
400 1174 479 1247 ὑμῶν
496 1176 563 1245 ἐστι,
581 1179 726 1237 ΒΟΣΚΕΙ
740 1175 766 1236 d’
784 1182 953 1240 ΟΙΚΕΤΑΣ

125 1246 181 1300 Kul
199 1245 299 1315 σμικρὰ
316 1245 403 1301 πολλὰ
419 1247 530 1319 παιδία.
554 1282 571 1314 .·
685 1251 691 1259 '
1005 1276 1010 1287 ι

51 1356 54 1361 .
91 1313 171 1382 Quod
188 1320 288 1385 siquis
305 1333 421 1369 vestrum
438 1334 507 1383 pune
526 1328 607 1383 curet,
625 1330 650 1368 et
668 1317 832 1373 teruos‘nlit

124 1384 278 1456 Multosque
295 1404 392 1454 parvus
412 1386 518 1437 liberos.

43 1447 136 1503 'erent
159 1454 245 1505 Andr.
266 1456 335 1521 I,-1.
355 1473 380 1507 r.
398 1468 442 1520 30.
670 1483 699 1497 ω
739 1484 743 1490 -

92 1520 127 1570 Ut
144 1523 263 1572 animum
284 1523 318 1573 cd
334 1520 446 1589 aliquod
462 1520 580 1575 studium
599 1518 758 1585 adiungunt,
773 1534 824 1578 erut
842 1538 937 1592 equos·

88 1589 181 1656 Alere,
203 1603 250 1638 aut
269 1608 348 1640 canes
365 1591 400 1639 od
418 1588 577 1651 venandum,
598 1599 644 1636 aut
662 1588 696 1635 ad
708 1584 893 1657 'philosophos

43 1664 49 1708 t
65 1654 169 1707 Heuut.
183 1658 235 1722 dV,
255 1669 279 1723 3.
300 1675 326 1707 v.
344 1674 370 1725 5.
553 1654 555 1663 ’
757 1677 759 1680 ’

88 1724 238 1774 Illanccine
254 1725 409 1775 mulierem
427 1721 505 1773 alere
522 1738 582 1773 cum
598 1724 650 1775 illa
666 1722 789 1779 familia.

43 1790 115 1844 lant.
134 1791 285 1843 Menaech.
304 1792 373 1861 1,‚·1.
392 1810 418 1842 v.
437 1804 478 1844 22·
523 1820 526 1825 ·
671 1846 675 1851 ,
743 1807 771 1813 ··

91 1857 168 1908 Nam
187 1860 246 1909 illic
265 1858 344 1909 bomo
362 1856 494 1913 homiues
511 1876 566 1910 non
584 1858 645 1929 elit,
664 1878 758 1913 oerum
776 1858 872 1911 educat
941 1900 944 1907 .

90 1927 264 1994 Recreatque.
345 1952 348 1957 ·

50 2010 96 2050 2o.
119 1997 177 2047 Imo
197 1996 262 2059 alia,
280 1992 485 2063 haudsortosse
502 1993 618 2061 minora]
656 1994 694 2046 Et
711 1994 852 2048 editiones
869 1988 1009 2064 priscis.
1084 2040 1088 2047 .

43 2082 47 2116 :
64 2062 240 2128 exemplaria
256 2064 361 2132 scripta
378 2062 415 2116 ad
435 2078 525 2115 unum
542 2064 640 2116 omnin
658 2061 742 2131 longe
759 2063 844 2116 aliter
862 2064 979 2134 liabent,

87 2131 176 2180 Nulla
194 2149 226 2181 ne
242 2131 324 2181 leudes
342 2130 432 2181 vitia?
451 2133 503 2182 imo
523 2131 587 2197 ulia,
606 2140 635 2183 et
645 2122 767 2198 jisrmsse
784 2134 898 2197 minora,
914 2166 917 2171 -

43 2198 148 2264 rimur,
169 2200 285 2266 opinor,
314 2198 401 2249 Aldus
422 2198 568 2251 Manutius
587 2201 733 2260 sincerum
751 2218 800 2253 rae
819 2200 981 2265 incrustare

43 2267 124 2334 eluit,
153 2276 181 2317 et
198 2266 324 2335 reposuit
342 2267 424 2317 Haud
440 2267 570 2328 Μὶηονα,·
590 2284 676 2337 quem
694 2267 829 2337 deinceps
848 2269 980 2338 plerique

43 2352 117 2388 mnes
134 2335 256 2386 nimium
275 2334 415 2404 patienter
433 2336 522 2386 secuti
540 2345 612 2386 sunt.
650 2334 727 2405 Quid
745 2337 843 2391 enim?
863 2355 901 2388 en
919 2355 980 2389 cre·

43 2403 110 2456 ibile
128 2412 182 2470 est,
212 2403 268 2471 boc
286 2404 391 2469 iussum
409 2419 466 2453 esse
484 2404 655 2456 Horatium?
681 2419 731 2455 sua
755 2404 825 2457 vitia
843 2409 908 2457 mo'n
925 2406 982 2455 mi-

43 2489 88 2524 ore
112 2488 169 2525 esse
193 2470 269 2536 illis,
305 2486 376 2539 quse
399 2469 431 2521 in
451 2469 576 2536 Tigellio
603 2480 662 2522 tem
685 2472 787 2523 acerbe
812 2472 981 2526 notaverat?

44 2557 77 2590 ur
94 2539 190 2607 itaque
209 2539 320 2588 Clodius
337 2550 445 2588 accusat
465 2538 608 2588 moechos?
628 2554 680 2589 cnr
698 2532 786 2601 riding
806 2536 912 2605 ἰατρὸς,
931 2531 980 2591 uv’-

43 2608 67 2668 te
91 2602 179 2658 ἕλκεσι
203 2602 320 2675 dedeo?
356 2606 417 2656 Imo
440 2622 507 2656 vero
531 2606 586 2656 sibi
611 2607 755 2656 rnediocria
778 2615 890 2659 tontum
910 2604 995 2660 vitis'

43 2692 77 2728 sse
103 2674 175 2726 alibi
201 2675 355 2744 gloriatur,
391 2689 450 2724 non
476 2673 646 2744 Tigellianis
674 2674 791 2727 similia.
837 2676 927 2729 Serus.
954 2676 979 2743 1,

66 2759 79 2799 1
100 2760 124 2795 0.
384 2778 387 2783 ,
881 2760 884 2771 ¹

82 2761 98 2812 ὅ
365 2825 397 2859 ex
414 2807 465 2859 hoc
485 2827 532 2875 ego
552 2828 635 2859 senus
653 2808 686 2859 ab
704 2810 764 2861 illis

87 2879 239 2929 Perniciem
256 2893 433 2946 quaecumque
443 2877 557 2944 serunt;
575 2877 769 2930 mediocribus
786 2885 815 2930 et
832 2877 895 2948 quts

87 2949 220 3015 Ignoscas
233 2946 309 2998 vitiis
327 2958 426 2996 teneor.

42 3018 91 3086 to,
111 3018 153 3080 65.
782 3055 786 3062 .

87 3084 169 3151 Atqui
186 3083 209 3132 si
228 3080 305 3134 vitiis
322 3081 524 3149 mediocribus,
545 3097 576 3130 ac
596 3098 654 3130 mea
674 3079 774 3149 paucis

86 3152 222 3206 Mendosa
239 3163 277 3200 est
295 3164 401 3214 nutura,
423 3151 524 3217 alioqui
545 3162 632 3211 νει-ιω·
648 3148 719 3198 velut
736 3150 763 3198 εἰ

88 3223 209 3287 Egregie
227 3219 360 3285 inspersos
378 3216 556 3286 reprehendas
574 3234 682 3283 corpore
700 3233 815 3266 naevos:

89 3291 117 3341 Si
135 3305 218 3355 neque
237 3288 390 3350 avaritiam,
410 3304 493 3355 neque
511 3288 608 3347 sordes,
628 3298 674 3334 aut
692 3285 764 3333 inula
782 3284 869 3335 lustra

92 3355 208 3408 obiiciat
225 3373 286 3405 vere
304 3356 443 3423 pruisquam
461 3353 545 3404 mihi:
564 3371 645 3419 purus
661 3366 687 3403 et
703 3353 803 3418 insutis,

94 3427 131 3475 Ut
149 3443 189 3474 me
208 3425 365 3487 collaudem,
383 3425 407 3473 si
427 3437 452 3472 et
469 3425 529 3472 vivo
549 3440 626 3471 curus
645 3423 745 3471 etnicis.

43 3492 130 3546 :redet
145 3493 204 3545 iarn
224 3493 275 3562 qui
292 3489 412 3563 poterit,
441 3490 518 3542 lumc
542 3488 665 3557 Tigellio
690 3502 724 3539 se·
744 3496 793 3540 eut
816 3495 983 3556 postponere

43 3573 73 3618 ut
90 3576 266 3634 comparare.
308 3562 400 3613 Immo
424 3560 503 3612 euim
528 3560 655 3612 modeste
677 3555 844 3627 respondet,
871 3573 901 3609 se
926 3555 984 3607 alle
