2250 3990
259 244 460 333 ennocoubu
487 268 563 316 me.
596 250 630 325 1,
665 261 697 329 n·
897 226 962 324 453

83 352 157 426 apud
182 352 279 422 Cives,
308 351 475 421 tum'apud
493 350 675 422 Principem:
703 350 783 407 itle'm
800 354 894 407 Cassio
915 358 962 407 Se·
1018 368 1020 371 ’

82 424 272 487 iunctissimus,
291 437 378 491 quem
395 420 531 473 Horatius
551 421 779 475 virulentissimis
795 422 903 477 lembis
918 424 961 483 le·

57 492 119 559 vit,
148 490 237 561 Epoi.
257 490 313 554 vl„
340 490 404 541 Huc
422 488 549 557 accedit,
582 490 659 558 quod
685 490 848 561 exemplum
870 486 923 545 hic
943 510 962 547 e
984 537 987 541 ,

57 566 100 612 ro
123 558 257 630 ponitur,
298 575 358 611 non
383 556 507 609 cuiusvis
528 566 626 610 mente
648 559 725 630 copti
749 567 778 611 et
800 559 957 630 delirantis,
977 554 980 561 ’

57 640 99 679 nr
114 626 241 681 hominis
259 638 329 699 pree
345 624 499 679 iracundia
517 634 546 677 et
565 627 647 681 robie
666 628 849 682 insanientiee

57 698 97 747 Si
149 699 173 747 is
191 714 250 747 euru
267 710 373 746 servum
390 722 425 733 -
443 721 474 734 -·
493 696 529 744 In
546 711 623 746 cruce
640 697 693 763 suf
709 706 775 762 gar:
951 748 954 753 ,

63 780 113 815 mu
128 762 189 816 ium
212 763 305 834 aptius
323 760 462 834 pertinet,
493 762 678 832 quem'hoe·
707 761 820 831 ebioni,
851 762 902 832 qui
926 780 960 819 eo

77 832 186 885 furoris
211 838 317 902 genere
336 830 459 884 Rabieni
476 847 582 883 nornen
608 841 650 883 est
671 841 847 887 consecutus.
884 832 961 901 Qus-

57 900 147 953 tillo
165 902 302 951 Domitius
320 909 394 968 eret,
421 901 480 964 cui,
504 907 537 950 ut
553 908 651 952 narrat
670 898 782 953 Gellius
798 900 904 965 XVIII,
932 915 957 967 7.

57 972 201 1022 urticarum
218 969 317 1021 insunt)
327 966 436 1035 factum
452 980 500 1032 est,
519 968 645 1035 quoniam
663 982 722 1030 erat
740 982 840 1021 notura
859 969 960 1028 introc-

57 1037 110 1087 ior
127 1050 153 1088 er
173 1038 310 1089 morosior.
346 1037 423 1087 Haec
442 1035 559 1115 quidem
582 1036 680 1090 omnia
698 1053 745 1089 me
768 1034 856 1093 facile
876 1034 960 1086 indu·

70 1146 82 1173 ,
101 1114 134 1156 ut
154 1104 189 1156 de
208 1105 276 1173 hoc,
296 1111 326 1156 et
342 1120 401 1156 non
420 1102 493 1171 eho,
522 1104 653 1157 locutum
669 1122 728 1157 esse
746 1105 881 1157 Flaccum
899 1102 959 1155 exi·

57 1172 125 1231 ern:
154 1172 253 1238 saltem
271 1172 359 1242 ebrit,
387 1180 420 1223 ut
443 1172 580 1225 Antistius
603 1172 656 1224 ille
673 1173 769 1226 Labeo
778 1174 840 1239 flos
856 1171 959 1223 deliba·

57 1241 166 1309 rapuit,
193 1242 344 1310 suadaeque
364 1240 498 1305 medulla,¹
531 1242 568 1311 eh
583 1240 701 1295 homine
718 1254 879 1313 quoquam,
907 1238 958 1311 qui

74 1309 220 1377 senuerit,
240 1326 291 1380 pro
308 1310 409 1363 insano
428 1308 576 1363 habentur.

57 1377 73 1427 i.
104 1378 203 1445 Fugio,
233 1391 263 1428 ut
285 1379 438 1429 Drusonem
456 1376 561 1428 debitor
580 1375 662 1444 ueris]
700 1378 744 1430 lte
770 1385 834 1447 post
851 1374 959 1429 Aldum
1038 1372 1041 1376 ⁴

57 1444 128 1521 ique
148 1444 317 1507 ediderunt3
348 1462 416 1497 cum
460 1444 534 1496 rime
557 1446 665 1497 Veneto
689 1445 839 1513 Rusonem,
866 1444 958 1508 altere

57 1532 156 1578 onera,
175 1513 367 1566 Loscheruna
385 1462 530 1579 Ruffonem
546 1511 685 1564 exhibeat.
720 1514 796 1582 Lege
815 1528 881 1567 veto
900 1512 959 1563 Ru·

57 1600 104 1647 ra,
132 1581 207 1652 quod
224 1582 408 1633 membranae
431 1581 492 1631 fere
512 1595 611 1631 omnes
631 1590 691 1631 tam
714 1591 843 1647 nostrae,
872 1596 959 1650 quarn

58 1667 141 1717 rum,
164 1656 331 1715 agnoscunt.
366 1650 458 1716 Atque
475 1648 517 1698 ite
537 1648 631 1698 Acron
648 1655 677 1700 et
693 1647 804 1715 MStus,
823 1656 854 1698 et
868 1650 960 1699 Vene-

63 1718 136 1771 olim
155 1717 254 1768 edittu.
292 1716 366 1767 Ruso
390 1714 456 1767 estis
480 1715 613 1783 frequens
635 1732 652 1766 a
673 1714 712 1765 ud
729 1717 874 1768 Romanos
893 1731 959 1782 cog-

57 1804 115 1837 ren.
152 1785 293 1835 Gruterus
316 1783 350 1847 64
388 1798 423 1902 ἕ
459 1782 490 1835 Ρ.
515 1780 683 1847 CALYISO
706 1782 856 1835 RUSONE
880 1781 966 1836 008..

57 1822 607 1983 smawsgtmocffiiffissxum4s43
633 1866 661 1922 ς.
705 1850 807 1905 ΝΜ.
825 1848 959 1903 ΝΜ).

68 1991 174 2041 Pietate
184 1988 290 2054 fratres
308 1988 416 2038 Curtios
431 1959 612 2053 iice't‘vincas,

68 2058 207 2108 Probitate
223 2056 344 2121 Macros,
363 2056 486 2107 comitate
503 2056 640 2109 Rusones.

77 2124 207 2177 Octavius
232 2125 321 2189 Ruso,
348 2123 425 2192 opud
451 2122 618 2176 Sallustium
641 2122 674 2177 in
696 2122 827 2194 Iugurth.
847 2138 873 2175 c.
899 2133 958 2187 ¹⁰4·

57 2195 119 2245 dius
145 2195 235 2256 Ruso,
264 2192 381 2245 Tacitus
406 2190 509 2244 Annei.
531 2192 585 2260 VI,
632 2210 658 2245 o.
703 2192 853 2243 Cremutius
873 2189 957 2251 Ruso,

57 2282 75 2314 ι.
94 2261 182 2329 Epist.
205 2262 259 2326 VI,
279 2277 320 2328 23·
340 2259 406 2312 vide
423 2268 452 2311 et
469 2261 517 2327 IX,
529 2277 578 2328 19·
611 2205 645 2313 bu
662 2260 756 2312 tribus
772 2258 888 2329 quidem
907 2273 960 2307 no·

57 2350 65 2383 s
85 2329 312 2398 Magdalenensi‚
330 2328 469 2394 Patrensi,
490 2337 518 2379 et
537 2329 696 2383 Bettclinno
713 2330 864 2379 Drusonem
881 2325 959 2377 ciere

57 2408 134 2450 etur:
164 2398 212 2448 sod
230 2413 370 2465 nusquam
386 2394 458 2447 alibi
477 2395 552 2448 illud
569 2399 688 2449 verbum
707 2394 808 2465 legisse
825 2393 960 2447 memini-

57 2487 71 2520 s.
115 2467 248 2517 Ceterum
272 2465 304 2516 in
328 2464 413 2516 liuius
436 2464 494 2516 loci
517 2465 750 2535 interpunctione
772 2478 834 2516 non
855 2459 959 2523 leuiter

57 2534 263 2606 interpretibus
283 2542 431 2604 peccatum
452 2541 507 2587 ost:

401 2602 523 2668 paullum
540 2599 652 2668 deliquit
671 2600 781 2664 anricus,

71 2672 151 2793 guod
169 2672 222 2723 nisi
239 2671 377 2736 concedas,
396 2669 511 2721 habeare
527 2669 663 2728 insuavis;
681 2667 791 2717 acerbus

99 2742 172 2805 disti,
190 2740 316 2809 etfrsgs's,
337 2752 367 2789 ut
385 2740 519 2789 Rusonem
537 2736 640 2787 debitor
658 2730 736 2787 aeres.

79 2811 206 2880 inquens,
228 2807 478 2875 distinguendum:
499 2805 623 2857 Habsare
639 2802 768 2863 insuavis,
784 2799 839 2850 nisi
853 2815 960 2849 conces·

57 2897 85 2928 s:
113 2891 142 2927 at
165 2891 194 2928 tu
220 2877 330 2927 acerbus
354 2876 442 2927 odisti.
486 2876 523 2927 At
547 2872 632 2942 vulgo
659 2864 815 2927 ἆσννδὲτως
839 2867 959 2919 coniun-

60 2956 88 3015 t,
116 2946 231 2996 habeare
248 2945 383 3009 insuavis,
412 2944 538 2994 acerbru:
563 2940 639 3011 quod
656 2947 761 3009 quanto
778 2934 863 2989 vilius
883 2934 960 2987 dete·

57 3031 119 3083 sque
140 3014 178 3064 sit
195 3022 304 3081 nostro,
332 3011 410 3064 nihil
427 3028 498 3081 opus
515 3018 556 3062 est
573 3010 680 3060 dicere·
713 3008 777 3059 Non
802 3002 959 3057 concedere

57 3082 232 3142 condonare,
262 3082 383 3133 insuavis
406 3089 463 3146 cst3
500 3087 529 3129 et
554 3078 643 3129 odisse
667 3085 696 3128 et
719 3076 833 3153 sugero,
861 3071 959 3123 acerbi.

57 3168 91 3203 ro
112 3159 141 3202 et
158 3148 233 3200 illud
250 3149 329 3216 vide,
356 3166 451 3201 ennon
469 3155 497 3198 et
514 3155 607 3199 vetere
625 3143 770 3199 seribendr
785 3143 897 3196 ratione
913 3154 958 3194 er·

70 3217 228 3287 irrepserit,
238 3250 241 3255 -
251 3218 319 3285 qrwd
337 3233 389 3286 pro
406 3217 484 3283 quoi:
917 3232 926 3259 r

272 3311 276 3318 ·
305 3285 428 3353 paullum
445 3284 556 3349 deliquit
574 3282 684 3348 amicus,

73 3354 148 3424 Quoi
169 3355 224 3404 nisi
241 3354 378 3417 concedas,
398 3352 511 3402 Imbeare
532 3352 662 3401 insuavis.
737 3403 744 3411 ,,

57 3432 102 3492 est,
121 3424 165 3473 cui
181 3423 295 3473 delicta:
312 3430 342 3473 ut
359 3420 465 3489 Eclogs
482 3419 610 3490 proxima
627 3436 653 3470 v.
674 3429 733 3481 ¹4⁰·

358 3488 409 3539 hoc
426 3502 466 3539 est
483 3487 657 3538 mediocribus
674 3486 732 3539 iubs

74 3562 118 3612 Ea
134 3562 209 3612 viriis
226 3577 317 3626 senum,
335 3557 384 3610 oui
400 3559 425 3609 si
441 3556 597 3611 concedere
616 3555 700 3607 notes.

57 3648 79 3682 r.
101 3640 157 3698 130.
