2250 3990
100 210 103 217 ,
199 250 204 257 ,
278 146 282 153 ’
365 250 369 261 .
455 176 670 235 1111111111..
856 204 859 213 -
1013 191 1046 258 ,ν
1110 228 1114 245 ,

75 288 224 366 stissimi
260 291 474 410 consilium,
524 315 597 384 quo
633 256 835 364 cu'rantum
867 309 959 382 erat,
991 302 1088 367 ut'

73 395 210 467 haecce
242 384 415 470 κειμήλια
404 418 444 463 111
459 396 743 512 permultorum
776 418 906 465 manus
940 398 1040 467 veni·

71 514 156 568 rent
194 514 300 591 atque
338 494 545 593 integritate¹
579 521 666 567 sua
669 472 965 569 incontaminata
1000 513 1037 569 et

69 600 345 692 plenissimam
370 600 521 670 librariis
547 598 701 672 officinis
727 599 870 690 publice
901 616 1036 693 presta

69 717 152 777 rent
176 704 368 796 separatim
394 720 430 778 et
454 701 572 773 viliori
598 702 712 792 pretio
739 701 890 772 venalia.
1039 708 1041 715 '

73 861 91 869 «.
172 809 249 877 Iam
290 807 401 898 igitur
443 805 627 891 habebunt
664 803 815 883 iuvenes
852 802 1032 877 bonarum
1074 848 1076 853 ,

68 906 270 977 litterarum
294 906 463 996 studiosi,
490 904 699 999 praesertim
725 905 755 973 si
779 903 1032 996 quisolertius

66 1009 109 1081 in
136 1009 411 1099 Academiarum
437 1008 579 1085 scholis
595 1025 657 1078 aut
673 1005 884 1078 seminariis
908 1008 1031 1101 philo·

66 1110 198 1204 logicis
223 1110 281 1179 his
307 1112 433 1189 studiis
451 1109 678 1201 incumbunt,
706 1133 792 1225 quo,
818 1109 1029 1185 melioribus

66 1214 181 1306 copiis
207 1213 444 1303 subsidiisque
468 1212 603 1298 innixi,
628 1214 731 1307 quasi
754 1192 893 1308 integia
921 1236 1029 1287 causa

63 1338 110 1389 ac
141 1320 284 1408 proprio
313 1317 432 1390 Marte
467 1314 680 1432 certiorique
703 1311 840 1384 iudicio
858 1315 1027 1387 ·adv·-ersa

62 1418 202 1489 riorum
229 1419 432 1505 notationes
457 1417 551 1493 vel
540 1414 627 1517 tpsi'.
633 1414 784 1514 probare
808 1418 901 1495 tel
889 1431 1026 1513 impro'·
1105 1469 1107 1472 ι

63 1519 149 1595 bare
174 1522 338 1612 possint.

164 1624 304 1712 Restat,
343 1635 384 1692 ut
414 1622 547 1714 paucis
572 1598 818 1714 exponamus,
856 1644 967 1714 quae
980 1624 1022 1719 in

59 1724 158 1801 hanc
181 1728 303 1824 rems
286 1723 450 1801 facienda
478 1725 725 1814 putavimus.
757 1724 966 1815 Primum
954 1726 1023 1822 igi,-

59 1843 139 1915 tur,
182 1816 281 1895 textu
311 1827 390 1916 ipso
425 1823 604 1893 editionis
627 1825 876 1912 Bentleianae,
906 1830 1021 1916 ¹cuiue

55 1929 335 2011 immutationes
352 1929 477 2007 'notae'
497 1927 596 2027 ipsae
621 1926 704 1996 satis
737 1944 918 2019 superque
940 1953 1026 2021 pro·.

60 2030 164 2119 dunt,
188 2053 287 2102 nunc
312 2051 458 2122 prorsus
482 2045 643 2116 remoto,
671 2029 708 2098 id
733 2031 839 2101 unice
862 2030 1019 2127 egimus,

58 2147 102 2202 ut
132 2133 213 2204 hae
244 2148 381 2202 notae
415 2147 548 2225 atque
579 2131 933 2202 emendationes
971 2135 1019 2205 ad

56 2236 239 2327 optimum
264 2234 447 2324 exemplar
472 2234 803 2302 Amstelodamense
829 2259 938 2324 quarn
965 2234 1019 2304 di-

54 2336 296 2431 ligentissime
321 2337 414 2428 typis
442 2328 736 2404 exscriberentur.
788 2337 949 2423 Deinde,
977 2354 1018 2407 ut

53 2439 158 2531 ipsae
184 2455 303 2508 essent
326 2439 465 2534 integre
493 2440 793 2527 BENTLEtANAE,
829 2438 947 2529 neque
972 2463 1018 2509 ex

51 2541 212 2638 singulis
244 2540 333 2610 locis
367 2540 502 2608 horum
534 2536 879 2608 commentariorum
910 2564 1017 2632 parce

50 2662 259 2737 excerptae,
287 2663 406 2732 neque
432 2641 535 2709 novis
559 2639 807 2709 additamentis
832 2642 1013 2716 adauctae.

50 2750 157 2839 Quae
182 2746 282 2814 enim
307 2759 388 2836 post
413 2745 648 2813 Beurnnmur
675 2745 918 2830 Comuntur,
947 2748 1015 2814 Sa-

49 2871 229 2937 NADONI,
269 2847 460 2930 Gnsunxr,
496 2847 661 2928 Znuun,
698 2847 822 2932 111111,
859 2847 1013 2915 Haren-

46 2972 196 3035 1111111,
230 2949 492 3029 Huruuonrtt,
525 2945 880 3035 Mtnscnnamcnrr,
910 2947 1045 3017 Don-

48 3066 232 3137 mon,
256 3051 399 3117 Borrtu
445 3048 674 3135 aliorumque
717 3048 1011 3118 doctissimorum

49 3152 215 3219 virorum
240 3149 452 3219 novissimis
477 3147 602 3217 studiis
628 3136 757 3217 debent
777 3151 909 3219 Musae
933 3152 1011 3219 Ho-

49 3255 231 3339 ratianae,
267 3251 311 3319 iis
344 3251 513 3321 omnibus
538 3272 580 3320 ac
605 3251 756 3346 singulis
781 3275 895 3342 aeque
919 3251 1010 3322 ints-

49 3356 123 3449 gtis
153 3353 256 3423 nullo
279 3353 391 3423 modo
408 3375 526 3425 carere
541 3369 702 3445 possunt,
729 3368 906 3445 quotquot
926 3368 1010 3422 sunt

50 3457 183 3527 harum
214 3456 415 3528 litterarum
444 3455 530 3527 iusti
554 3456 677 3526 arbitri
709 3471 815 3548 atque
839 3456 1011 3549 interpre-
