2250 3990
79 126 82 139 Κ
120 150 162 217 12
231 176 236 186 ·
408 169 439 223 ρ.
475 168 632 210 nonar-11
663 168 796 213 succes

117 250 234 307 ribilior
249 248 375 305 iormido
392 257 449 320 est,
468 257 548 302 tante
567 249 700 303 sicciores
716 242 782 304 ¹sunt
799 250 894 319 oculi,
913 260 945 305 ut
961 253 1076 322 rigeant

117 321 204 392 plone
223 329 251 373 et
267 319 430 374 immobiles
447 319 544 373 fiuntc
580 318 716 388 Virgilius
735 321 802 387 VII,
823 320 883 391 446.
903 319 939 374 ds
956 322 1073 376 Turno:

188 391 223 442 'At
239 391 332 441 iuveni
348 389 437 439 oranti
453 388 556 439 subitus
573 401 671 438 tremor
690 402 801 456 occupat
819 401 911 438 artus:

129 497 132 500 ι
187 458 258 510 Deti
280 470 348 509 uere
365 456 460 510 oculi:
480 469 518 507 rot
536 458 656 524 Erinnys
671 454 764 507 sibilat
783 457 814 506 H
830 457 894 507 dtis.
946 490 972 503 -.

117 527 195 597 Ergo
213 535 242 593 st
286 533 359 579 oster
375 525 452 595 ipse,
481 526 513 576 in
536 523 627 576 simili
645 541 784 594 pavores
825 525 937 577 ustibus
955 522 1073 577 belluis-

65 637 72 662 3
118 613 175 666 que
191 594 331 662 marinis,
359 611 417 647 non
425 595 545 661 flentem
561 593 710 662 Europen,
737 594 926 671 -quamvis·st
950 596 1072 647 sexu'et

117 672 211 718 aetate
228 672 290 716 tum
308 661 455 730 timidam,
475 661 525 727 sed
540 662 685 729 pallentem
701 660 788 730 iacrt,'
808 650 903 720 Carni.
921 661 981 731 ΠΙ,
1002 654 1046 732 ¹27.

77 736 90 749 “
485 743 512 780 et
527 743 671 781 scatentem
990 754 999 771 ·-

162 796 167 839 ἶ
186 794 291 863 Belluis
306 812 415 868 pannem
432 800 584 868 mediusque
593 798 712 865 fraudes

269 869 377 920 Palluit
396 868 495 931 audax.
552 912 556 919 .

116 937 160 988 Ne
200 952 216 988 e
233 950 301 989 vero
318 936 394 1007 apud
413 937 572 989 Homerum
589 932 804 1015 Virgiliumve„
816 934 867 1005 qui
884 937 993 989 Heroes
1007 944 1073 989 suos

117 997 166 1071 oiot
185 999 291 1071 άκρνας
309 1014 337 1056 et
354 1004 390 1056 ad
407 1004 617 1056 lacrimandum
637 1002 778 1072 proclives
795 1007 952 1072 inducunt,
982 1019 1071 1072 euque

116 1073 235 1125 nomine
252 1071 337 1125 bodie
355 1073 395 1124 ab*
408 1072 514 1153 ineptis
531 1072 693 1144 culpantur,
713 1081 762 1124 out
780 1072 874 1124 Ulixes
891 1081 941 1124 aut
960 1074 1069 1125 Aeneas

115 1141 149 1192 in
168 1143 322 1211 praesentis
339 1140 484 1210 naufragii
501 1149 611 1194 terrore
628 1140 696 1211 fleu
715 1139 764 1192 sed
774 1139 898 1208 ingemit
916 1149 945 1192 et
963 1138 1071 1192 vociic‘·

84 1262 86 1267 ,
115 1217 208 1268 τεωτ.
255 1210 313 1261 Hos
330 1209 413 1261 enim·
425 1219 527 1262 natura
544 1219 606 1260 tum
623 1225 705 1261 sonos
723 1208 817 1276 elicit,
840 1209 973 1263 lacrimas
993 1208 1071 1261 elau-

117 1276 161 1329 dit
177 1284 323 1346 vetatque.v
353 1277 424 1348 Quts
440 1278 532 1331 subito
551 1275 877 1346 incendio‘inrplicutus,
897 1279 961 1347 quis
978 1277 1069 1331 fluvio

116 1344 258 1426 proirrndo
278 1344 467 1416 hauriendus,
486 1347 549 1417 quis
566 1345 665 1398 stricto
683 1344 774 1415 gladii
791 1362 930 1415 mucrone
949 1345 1072 1415 petitus,

115 1431 149 1475 sn
166 1413 217 1465 tali
234 1423 360 1483 ternpore
378 1413 527 1467 lacrimari
547 1431 682 1484 nmquam
702 1413 776 1465 visus
795 1415 857 1466 est?
888 1415 980 1466 Sentis
999 1415 1069 1481 ianr,

114 1481 236 1552 opinor,
265 1483 435 1550 absurdum,
464 1492 493 1534 et
514 1486 599 1535 siccos
618 1481 682 1534 illos
699 1481 791 1532 oculos
806 1482 901 1535 minus
922 1483 1020 1551 aequis
1037 1491 1070 1534 tu

116 1549 208 1602 oculis
225 1550 331 1621 incipis
355 1551 491 1621 aspicere.
543 1555 649 1604 Verum
673 1548 748 1601 illud
771 1559 917 1620 praeterea
943 1562 1070 1603 contem·

136 1618 212 1673 lare:
252 1619 310 1689 Qui
327 1619 399 1672 haec
416 1621 528 1687 omnia,
547 1620 658 1689 inquit,
677 1619 756 1671 siccis
775 1620 860 1669 oculis
877 1619 957 1686 vidit,
980 1620 1008 1672 ei
1027 1637 1070 1670 ro·
1101 1632 1104 1641 “

115 1639 165 1738 iar
184 1696 213 1743 et
230 1704 275 1740 ces
291 1687 397 1759 triplex
413 1697 475 1741 erat
492 1690 582 1740 circa
589 1696 694 1759 pectus,
715 1687 738 1738 is
756 1685 870 1738 nullum
886 1687 986 1740 mortis
1004 1705 1074 1759 gra·
1107 1734 1111 1743 .

114 1756 184 1808 dum
198 1756 303 1809 ‘timere
321 1767 446 1811 noverat.
483 1757 569 1827 Atqui
586 1759 674 1810 siccos
691 1753 805 1806 adrem
823 1755 951 1824 aliquam
968 1765 1073 1809 tenere
1105 1758 1108 1763 '

97 1824 232 1893 ‚oculos5
256 1826 308 1878 ubi
331 1826 498 1879 mortalium
524 1826 667 1896 plerisque
692 1822 830 1875 lacrimae
856 1833 1068 1892 excuterentur,

69 1896 72 1901 “
112 1910 173 1945 non
190 1903 250 1946 tam
273 1894 376 1951 roboris
401 1904 456 1962 est,
486 1909 572 1963 quam
595 1891 733 1956 duritiae,
763 1907 822 1943 non
846 1900 904 1944 tem
927 1894 1076 1958 cuimine,

114 1977 201 2028 quam
220 1961 390 2029 atrocitatis,
411 1971 548 2014 nontam
566 1964 658 2028 magni
675 1960 759 2009 animi
764 1996 774 2024 ,
798 1975 884 2031 quam
903 1954 961 2014 ieri
976 1970 1007 2015 ct
1023 1963 1073 2017 in-

111 2027 242 2082 humani.
277 2029 361 2082 ovid.
380 2029 497 2098 Heroni.
515 2030 571 2097 XI,
593 2047 634 2082 ro.

179 2101 243 2165 Ipse
260 2099 334 2148 necis
353 2116 474 2165 cuperem
490 2111 596 2149 nostrae
614 2114 747 2167 spectator
765 2101 887 2167 adesset:

177 2224 178 2230 ἵ
216 2166 387 2235 Auctorisque
404 2167 490 2217 oculis
506 2168 656 2234 exigeretur
673 2188 757 2237 epus:

69 2240 80 2272 ,·
128 2235 146 2259 ⁸
187 2236 224 2301 Ut
240 2234 316 2286 ferus
333 2247 374 2284 est
391 2235 524 2304 multoque
541 2237 598 2286 suis
613 2237 806 2290 truculentior
823 2236 915 2302 Eunt,

192 2332 196 2341 ι
218 2303 367 2370 irrorasset
385 2302 469 2356 siccis
485 2304 599 2355 uulnera
617 2320 710 2358 nostro
729 2309 818 2376 genis.

110 2369 226 2426 Similia
243 2369 349 2439 passim
365 2370 442 2442 apud
459 2372 613 2442 scriptores
630 2364 779 2427 invenisse
811 2371 884 2445 adeq
904 2376 948 2420 ut‘
959 2386 1072 2439 parum

110 2438 261 2505 commode
279 2438 355 2520 apud
374 2440 508 2493 Nostrum
525 2441 690 2496 instituatur
707 2442 808 2495 oratio.
829 2439 976 2491 Nimirum
994 2436 1070 2494 alios'

110 2506 161 2560 hic
178 2525 263 2587 quum
279 2526 363 2560 siccos
381 2508 551 2561 oculorium
570 2518 682 2583 tempus
699 2521 740 2565 est
753 2512 900 2581 quaerere,‘
935 2505 967 2556 ui
984 2525 1068 2560 men-

110 2585 170 2629 tem
189 2577 352 2630 interritam
369 2574 508 2645 fortisque
525 2579 613 2632 robur
631 2581 752 2660 pectoris
770 2578 825 2630 rite
836 2583 914 2628 osten
937 2583 992 2626 aut.
1016 2579 1089 2657 tit-J

110 2661 168 2715 que
185 2661 251 2696 ecce
269 2644 324 2697 tibi
341 2662 411 2715 quos
428 2648 572 2700 affirmare
586 2665 677 2702 auum
695 2649 727 2701 iu
739 2645 851 2701 Horutii
860 2641 975 2697 scriniis
992 2642 1067 2697 olins

110 2729 320 2785 compararem
1049 2742 1054 2751 ι

181 2781 267 2850 Quem
285 2784 378 2833 mortis
394 2783 483 2835 timuit
499 2784 623 2852 gradum,

217 2849 273 2916 Qui
288 2850 385 2909 Rectis
401 2854 487 2909 oculis
504 2867 622 2904 monstra
638 2854 772 2920 notantia,
794 2912 797 2919 ¹

179 2916 234 2997 Qui
250 2919 318 2969 vidit
334 2937 407 2969 more
426 2921 567 2973 turbidum.

107 2987 174 3039 Non
191 2995 230 3037 sta
249 2996 409 3055 magnumst
425 3004 442 3038 a
459 3000 572 3059 recepta
588 2986 713 3043 lectione
729 2987 868 3051 mutatios
888 2996 921 3041 ut
936 2986 1065 3044 incredi·
1109 3004 1112 3011 ·

109 3055 171 3107 bile
189 3054 226 3106 sit
243 3052 395 3107 audaculos
412 3055 559 3110 Librarius
576 3056 631 3124 hoc
655 3060 684 3109 in
710 3076 739 3110 se
763 3059 874 3111 facinus
899 3058 1062 3125 admisisse;

109 3122 278 3193 praesertim
296 3139 363 3176 cum
378 3122 449 3181 haec
467 3125 555 3178 dictio
573 3125 670 3197 paullo
687 3126 780 3179 rarior
796 3136 882 3193 esset,
901 3125 954 3178 illa
972 3129 1061 3197 vulgo

109 3191 267 3243 tritissima.
318 3191 464 3245 Sententia
480 3212 546 3261 vero
564 3195 624 3246 iutn
646 3193 711 3247 talis
729 3204 785 3259 cst,
815 3203 847 3246 ut
863 3194 909 3247 vel
923 3194 1061 3259 ¹ducentis

109 3256 202 3313 exseri
222 3257 332 3312 toribus
351 3258 570 3315 fidem-omnem
587 3272 615 3314 ct
632 3263 832 3315 auctoritatem
849 3263 975 3334 abroget.
1012 3266 1061 3317 Se·

109 3345 181 3382 nese
197 3278 287 3407 Epist,
307 3326 378 3383 CIV.
434 3328 518 3387 Nriril
533 3332 578 3382 illi
593 3330 699 3382 videtur
715 3344 815 3399 grave,
839 3331 910 3383 nibil
928 3351 1061 3399 asperum,

109 3396 180 3465 quod
194 3413 284 3446 utrum
300 3397 429 3448 incurvet.
467 3396 623 3452 Terribiles
639 3394 703 3453 vis'u
727 3399 836 3452 formae
852 3399 1001 3471 letumque
1020 3400 1060 3454 la-

108 3464 235 3537 bosque?
271 3463 386 3515 Minime
403 3466 507 3534 quidem
514 3492 525 3531 ,1
550 3469 650 3536 siquis
668 3468 765 3521 Raetis
783 3467 875 3521 oculis
891 3470 998 3533 intueri,
1009 3470 1062 3520 illo

107 3533 210 3601 possit,
230 3542 256 3585 et
273 3530 394 3586 tenebras
409 3552 587 3607 perrumpere.
637 3534 720 3589 Idem
739 3536 783 3590 De
807 3536 1011 3592 constantiae.
1031 3552 1060 3605 5.
