2228 3900
127 142 193 215 778
402 157 434 212 ρ.
470 155 628 199 nonum
663 154 794 220 anneot
809 178 831 197 .-

192 240 231 290 Et
267 253 349 289 acere
367 246 446 289 metu
462 237 555 302 silvas,
574 250 599 287 tt
616 238 705 289 vivere
725 249 810 304 rapto.

160 320 220 364 202.
269 306 324 356 ibic
343 324 411 370 non,
441 319 470 356 ut
486 323 572 372 nunc,
598 305 731 357 orichalco
753 303 852 375 uincta]
889 304 971 359 mad
990 307 1077 360 vincta

125 375 334 429 recentioribus
360 375 451 442 tnagis
479 375 603 443 placuit3
640 384 668 427 at
694 374 832 426 editiones
856 381 1077 439 vetustae,ctun

125 448 236 497 maiore
262 452 342 511 perte
369 444 599 495 membranarum
624 444 717 494 iuncta
744 442 922 513 praeierunt:
954 460 1079 514 quorum

124 522 289 581 utrumque,
308 519 365 563 tam
382 528 464 563 sensu
481 510 638 577 consimile,
659 528 744 580 quam
763 510 912 564 literarum
928 511 1021 565 ductu
1038 512 1078 565 ri·

125 582 217 633 detur.
254 580 336 631 Tibia
356 597 422 632 vers
439 579 526 646 haec,
554 578 639 648 quain
655 579 772 645 simplici
789 578 920 651 apponit,
941 597 975 631 cx
995 581 1079 637 variis

124 652 252 703 materiis
269 650 412 713 composita
429 646 473 699 vel
493 648 560 699 inde
577 647 762 700 existimanda
778 656 828 700 est.
863 648 1012 702 Malumus
1027 650 1080 721 igi·

124 728 173 769 tur
190 718 299 777 iuncza;
329 718 388 766 sive
411 716 643 780 imminutam,
670 715 727 767 siro
752 715 811 768 alio
828 717 914 769 mode
938 729 1034 785 aptam
1050 725 1079 769 at

126 794 304 853 compactam
322 783 467 852 intelligis.
502 785 611 837 Plinius
630 783 700 835 Hist.
722 784 855 855 xxxin,
877 800 901 852 5.
940 786 1078 837 Plumbum

125 858 233 920 nigrum
252 854 312 903 albo
330 853 472 922 iungitur,
491 855 625 922 ipsumque
643 853 732 903 album
748 853 800 903 sibi
816 853 883 905 olco.
920 852 957 905 Et
973 854 1075 907 licium

124 922 250 987 XXXIV,
282 922 322 973 16.
357 922 442 989 iungi
460 924 530 972 inter
547 940 576 973 sc
590 921 726 990 plumbum
744 923 851 989 nigrum
868 923 931 973 sinc'
948 923 1007 972 alba
1022 938 1075 973 ncta

123 990 225 1058 potest,
252 1007 301 1039 nec
317 989 367 1039 isac
387 991 411 1039 ci
428 992 486 1041 siue
505 991 573 1040 cleo.
617 989 673 1041 Ubi
697 990 918 1059 lungi‘accipe,
947 988 1074 1043 ferrumi-

123 1058 197 1113 nati.
232 1058 338 1124 Digest.
359 1059 403 1123 Vl,
425 1075 448 1109 1.
468 1071 508 1127 23·
544 1058 653 1117 Cassius
669 1059 749 1122 dicit,
775 1060 799 1108 si
816 1071 924 1109 statuae
941 1077 1005 1109 suae
1020 1059 1073 1111 iar·

122 1124 316 1191 inminutione
340 1125 470 1193 iunctum
495 1124 634 1177 brachium
651 1128 702 1193 sit,
730 1128 832 1177 unitate
859 1128 972 1180 maioris
993 1128 1073 1197 partis

123 1194 251 1253 consumi.
279 1193 385 1261 iurgii.
404 1194 501 1264 Eulog.
521 1196 559 1247 ΙΙ.

192 1262 252 1321 Pan
268 1264 369 1328 primus
384 1265 503 1327 cpiamcs
520 1281 582 1321 scra
597 1261 771 1332 ,coniungere
786 1263 880 1330 pluras

190 1332 321 1381 Instituit.

121 1399 159 1453 Et
174 1398 346 1469 Eclogslll..

282 1482 328 1521 aut
345 1487 469 1539 uinquam
485 1470 536 1522 tibi
550 1468 648 1539 fistula
664 1487 728 1522 scra
812 1496 814 1501 ·

188 1537 289 1589 Iuncta
298 1536 367 1605 filit.
441 1536 459 1591 ’,
650 1572 653 1579 -
928 1597 930 1601 f
1031 1524 1036 1563 ³

121 1607 240 1659 Ioannes
257 1606 363 1658 Sare'sb.
375 1605 495 1676 Prologti
512 1607 557 1659 Vl.
577 1604 666 1659 Polie.
697 1604 771 1657 Nam
823 1606 848 1657 is
866 1623 884 1657 a
900 1607 1073 1674 semipagano

120 1676 221 1729 tibiam
240 1674 384 1729 orichalco
403 1678 530 1727 iunctum
547 1684 576 1726 et
592 1673 735 1727 aemulam
757 1683 792 1739 tu,
810 1692 843 1727 ue
858 1670 1016 1743 g'rartdicris
1032 1694 1075 1727 cs·
1110 1730 1113 1751 Ι

119 1742 240 1813 spectet?
272 1745 345 1796 Vide
362 1744 399 1797 ud
416 1744 511 1797 Carm-
532 1744 584 1808 111,
606 1761 645 1811 19·
666 1763 691 1796 v.
712 1754 752 1809 17.

143 1829 213 1882 Ι209.
235 1814 271 1863 Et
294 1815 384 1864 urbem
403 1812 498 1865 Latior
519 1813 644 1880 amplecti
668 1810 768 1878 murus]
803 1810 846 1862 Ita
869 1810 941 1862 editi
963 1810 1075 1880 scripti·

119 1894 174 1950 que
193 1880 292 1941 laticr;
320 1882 366 1933 sed
391 1882 421 1933 id
441 1882 558 1952 perinde
579 1891 619 1931 ast
642 1897 675 1930 nc
695 1880 831 1942 Crassior,
858 1879 935 1951 quod
954 1880 1074 1933 minima

118 1950 167 2001 hic
194 1949 257 2001 vult
284 1950 425 2002 Horatius.
474 1951 588 2001 Curtius
611 1949 660 1998 lib.
687 1949 718 1998 V.
742 1947 777 1998 de
800 1963 885 2019 inpuro
903 1947 1072 2018 Babylonis:

119 2019 239 2084 Spatium
259 2021 372 2083 triginta
394 2032 420 2069 ct
442 2021 553 2069 duorum
571 2018 664 2083 pedum
682 2016 712 2066 iu
732 2014 913 2067 latitudinem
934 2018 1074 2080 amplecti·

117 2099 171 2137 tur.
198 2087 328 2152 Hyginus
346 2087 412 2137 Fab.
432 2087 581 2150 ccxxul,
600 2085 770 2137 desudem:
790 2083 892 2137 Murus
911 2085 939 2133 in
956 2084 1074 2151 Babylo-

117 2155 181 2217 nia,
205 2170 279 2219 quem
292 2154 364 2218 fecit
382 2156 548 2219 Semiramis,
575 2153 664 2206 lutum
681 2153 760 2220 pedes
776 2152 865 2222 XXV,
891 2151 975 2204 altum
990 2153 1071 2221 pedes

109 2221 175 2274 Lx.
210 2220 351 2283 luvenalis
369 2222 429 2287 XII,
451 2237 493 2290 59.

121 2286 125 2295 “
184 2289 311 2356 'Confisus
328 2290 412 2358 liguo,
432 2291 526 2357 digitis
545 2309 561 2340 a
578 2304 661 2342 morte
678 2301 794 2341 remotus

188 2358 337 2427 Quattuor5
356 2375 401 2410 aut
419 2373 526 2427 septam,
545 2361 570 2409 si
586 2362 621 2409 sit
638 2360 774 2425 laliss'jmu
791 2358 860 2410 uda.

65 2452 68 2461 ¹
118 2429 237 2500 Repono
256 2429 353 2498 igitur,
374 2429 493 2481 minima
511 2430 681 2481 mutatione:

188 2498 329 2565 Postquam
347 2499 432 2564 coepit
448 2513 528 2563 agros
544 2498 681 2548 estendere
698 2500 792 2565 uictor,
812 2510 839 2549 ct
856 2495 949 2565 urbem
997 2519 1000 2527 ·

186 2566 290 2620 Laxior
307 2568 430 2633 amplecti
449 2582 548 2618 murus.

118 2636 204 2688 Latus
228 2652 281 2703 pro
305 2634 398 2686 Lusus
411 2633 521 2704 passim
545 2632 757 2701 interpclsrunt
779 2629 923 2686 Librarii:
950 2628 1072 2685 Ovidius

118 2707 188 2757 Fest.
207 2705 244 2769 ll,
265 2704 323 2769 456.
342 2712 370 2754 et
390 2705 486 2757 Amor.
504 2702 542 2767 11,
565 2718 605 2757 ιο.
625 2720 650 2753 v.
673 2712 713 2762 18.

187 2772 309 2823 Carceris
325 2772 411 2823 Aeolii
427 2772 509 2825 ianua
527 2769 588 2822 luxa
607 2783 688 2835 patet.

185 2842 221 2891 Et
238 2841 322 2891 medio
342 2841 403 2892 laxa
420 2858 518 2906 ponere,
533 2839 649 2890 membra
666 2854 732 2890 toro.

117 2909 169 2961 vni
196 2909 288 2960 maior
313 2925 377 2976 pars
399 2908 529 2959 codicum
554 2910 610 2959 lata
633 2919 662 2958 et
678 2910 731 2957 late
751 2907 892 2959 exhibent.
937 2903 1068 2957 Aurelius

115 2980 212 3029 Victor
229 2977 259 3029 iu
270 2977 441 3032 Aureliano:
462 2977 554 3028 Muris
568 2977 658 3041 urbam
676 2980 753 3043 quain
770 2975 944 3025 calidissimis
962 2972 1069 3045 latiora

116 3047 224 3098 ambitu
244 3048 432 3111 circumsepsit.
468 3047 563 3098 Victor
582 3046 689 3097 schotti
714 3045 743 3094 in
762 3045 876 3095 ecdem:
905 3041 959 3091 Hic
980 3040 1069 3093 muris

114 3115 290 3166 ualidioribus
316 3128 342 3164 et
368 3115 524 3167 laxioribus,
546 3115 636 3164 urbam
662 3115 750 3179 sepsit.
796 3109 992 3181 Quintilianus
1015 3110 1071 3160 De·

117 3185 201 3235 clam.
220 3184 280 3235 ΧΠ.
315 3183 456 3237 Exhausta
472 3196 510 3233 est
529 3185 623 3233 ciuitas
635 3182 792 3246 «usuaribus,
825 3192 850 3229 et
870 3178 1006 3229 desolatae
1024 3179 1070 3228 do·

116 3271 188 3316 mus,
214 3252 289 3301 triste
298 3252 429 3317 florentis
447 3252 578 3320 quondam
588 3251 718 3315 fortunae
735 3250 878 3309 indicium,
903 3245 960 3297 laxi
979 3245 1068 3297 muri.

115 3321 220 3372 Seneca
241 3321 275 3371 de
292 3319 437 3373 beneficiis
460 3321 531 3385 VII,
562 3333 601 3371 ιο.
636 3318 767 3383 Aedificia
791 3317 898 3380 privata
922 3312 1070 3364 laxitatem

114 3391 219 3438 urbium
236 3390 565 3454 magnarumvincantic.·
589 3386 703 3437 Consol.
725 3385 759 3435 ud
788 3385 944 3445 Marciani,
974 3397 999 3431 c.
1027 3398 1068 3448 ²7·

119 3458 224 3507 Videbis
243 3458 396 3521 Syracusas,
414 3459 498 3521 ipsam
511 3457 646 3521 ingentem
662 3456 806 3518 civitatem,
825 3450 915 3503 laxius
933 3450 1070 3513 turritam,

114 3544 191 3593 attam
209 3526 351 3575 militarum
369 3526 472 3576 urbium
486 3522 558 3589 fines
575 3534 645 3573 suut.
687 3523 730 3573 Ita
749 3520 864 3584 cicero,
897 3517 973 3569 Late
993 3515 1071 3567 itabi-

648 3748 790 3830 Α
