2250 3990
123 135 166 200 20
405 147 450 202 Q„
470 144 629 197 acuarit
663 142 793 188 anicet

124 229 253 297 urgentis.
306 225 360 283 Sed
386 234 484 281 tamen
509 227 589 280 aliud
617 224 705 296 longe
731 223 835 279 melius
855 224 1086 283 submmistrat
1124 249 1125 256 ¹

125 301 236 371 priscae
254 298 446 349 membranae.
494 295 641 347 Leideusis
667 294 747 349 euim
771 295 1086 365 ostimentum-auno·
1123 287 1125 346 i

111 364 193 437 ,tuin
210 365 301 418 codex
319 365 466 417 verissime
483 364 605 430 exhibet,
840 390 844 397 ·
981 382 1002 415 a.
1084 370 1092 425 '.
1124 359 1125 368 ’

95 462 104 471 -
200 434 333 485 Vulcanus
353 434 449 482 orrlcns
467 434 536 485 visit
547 432 702 498 officinas:

131 505 196 573 Quo
216 502 300 553 modo
318 509 347 551 et
364 500 498 553 Lambini
521 500 661 569 aliquot,·
676 509 705 552 et
729 499 912 569 colbertinus
937 516 993 571 pro
1008 498 1086 556 vatia

128 572 269 636 lectione,
297 577 326 620 et
343 568 530 636 Bodleiarrtts,
560 570 610 620 ubi
629 570 707 619 vissit
731 570 955 640 scriptumest,
979 578 1016 625 ,et
1078 570 1084 582 ”
1124 611 1125 624 t

127 640 173 692 his
200 638 331 690 omnibus
355 637 499 706 antiquior
524 646 565 688 est
587 634 696 689 Plotius
719 637 929 690 Grammaticus
954 656 984 708 p,
1061 646 1085 703 3.
1124 649 1125 654 ’

83 717 85 721 “
128 708 343 774 Bogaoerlicum,
376 707 485 774 inquit,
516 704 672 755 Archilochi
690 705 956 825 ithyphallicumlt't
974 720 1087 775 quantor

129 776 272 844 dactylicis
287 774 398 840 pedibus
415 787 439 824 et
456 774 542 823 trihus
559 773 699 824 trochaeis.
737 776 895 843 Exemplum
931 791 964 825 aa
979 787 1041 827 erte
1101 834 1104 845 Ι

199 844 306 894 Alterno
325 855 422 892 terram
439 845 561 909 quatiunt
577 843 651 908 pede,
671 843 734 891 dum
749 846 844 909 gravis
861 843 1012 912 Cyelopum
1023 870 1040 891 ·.
1057 850 1072 867 “·

94 934 119 973 ¹.
153 928 156 934 ·
236 912 370 961 Vulcanus
387 911 484 961 ardens
501 911 569 961 ussit
588 910 723 977 officinas.
919 940 922 947 ·
989 934 993 945 ·
1018 936 1030 943 ··

129 979 187 1035 ,Ubi
204 979 288 1032 hodie
306 977 431 1047 quidem,
451 986 482 1029 ut
499 978 585 1045 vides,
604 979 713 1031 editum
731 985 773 1031 est
791 978 873 1039 ussit,·
889 978 940 1031 sed
955 975 1084 1031 ainerio·

129 1050 179 1102 bio
196 1047 381 1100 librariorum
399 1046 484 1115 culpa
500 1045 553 1116 pro
569 1048 650 1097 nisis:
674 1060 730 1116 quo
747 1046 887 1099 vocabulo
906 1044 1083 1101 nihilum

129 1119 225 1170 tianae
242 1114 398 1167 sententiae
414 1116 507 1184 aptius
523 1114 569 1167 vel
587 1115 660 1184 fingi
678 1113 725 1168 vel
743 1115 837 1185 optari
855 1124 974 1185 potest·-¹
986 1112 1083 1173 Nm

130 1185 202 1237 alibi
220 1183 255 1234 de
273 1186 389 1249 Venere,
410 1183 503 1234 Carm.
526 1184 581 1248 lli,
600 1193 642 1245 28·
1044 1218 1047 1223 -
1065 1182 1091 1231 ,Τ

48 1252 52 1260 ’
200 1251 276 1318 Quae
295 1250 407 1319 Paphon
426 1252 528 1301 lunatis
546 1250 612 1303 visit
629 1249 757 1302 oloribus.

129 1319 232 1389 virgil.
253 1322 321 1371 Aen.
343 1320 389 1381 lv,
412 1336 468 1387 143.
878 1364 881 1371 .

201 1386 299 1455 Qualis
314 1386 360 1436 ubi
376 1386 515 1439 hibernum
532 1386 644 1452 Lyciam
661 1382 816 1453 Xanthique
825 1385 937 1453 fluento
1051 1422 1072 1445 ,,

196 1457 312 1520 Deserit,
333 1472 364 1505 oc
383 1456 482 1535 [ξεῖναι
500 1469 647 1506 maternam
663 1452 763 1503 invisit
780 1454 885 1519 Apollo.
954 1512 959 1521 Ι
992 1460 995 1465 ’

16 1562 19 1567 ·
127 1522 252 1578 ovidius
266 1525 298 1575 in
317 1524 393 1591 Arte,
413 1524 451 1589 II,
472 1538 533 1592 ⁵19·
553 1522 588 1575 de
606 1521 667 1591 ipso
684 1520 827 1575 Vulcano:
961 1573 964 1577 ,

113 1593 116 1597 ’
203 1593 296 1659 Fingit
312 1592 368 1643 iter
384 1591 521 1647 Lemnon:
537 1594 648 1642 veniunt
666 1589 700 1639 ad
710 1590 812 1656 soaclus
829 1596 968 1641 amantesr
1060 1612 1066 1621 =

59 1698 64 1707 „
233 1660 362 1729 Impliciti
378 1660 480 1728 laqueis
496 1661 581 1710 nudus
598 1670 707 1726 uterque
721 1660 818 1709 iacent.
880 1656 883 1661 '

132 1728 301 1801 Apollonius
320 1727 448 1797 Rhodius
466 1729 520 1794 III,
541 1745 583 1794 4⁰·
622 1746 624 1751 ·
1059 1776 1062 1783 ,

280 1788 313 1847 ta’
332 1790 472 1849 larissam
489 1791 545 1847 θεὰ
562 1789 638 1861 λέχος
654 1787 827 1860 Ἡφαίστοιο.
968 1840 971 1845 .

193 1846 254 1925 ’att'
275 1856 290 1917 ὁ
306 1859 357 1929 μὲν
372 1863 411 1923 εἰς
428 1864 630 1941 renuuntur
647 1860 694 1914 nat
707 1856 835 1946 §inparue
853 1850 903 1929 ἦρι
920 1854 1080 1915 aarum

195 1930 307 2000 Nhooto
324 1930 462 1997 πλαγκτῆς
481 1927 565 1994 ενρύν
581 1927 676 1996 μυχὸν,
695 1941 717 1998 ῳ·
736 1947 776 1981 soc
795 1947 888 1981 πανπα
1039 1984 1045 1993 ,

196 1999 324 2054 Δαίδαλα
342 1995 471 2063 χάλκευεν
490 1993 559 2063 haar}
577 1993 674 2064 πυρὸς.
695 1990 714 2063 ἡ
734 1990 758 2048 δ’
776 1991 831 2063 ἄρα
847 1992 939 2064 μούνη
1001 2020 1004 2027 ·

190 2060 277 2119 'Horo
298 2061 374 2134 δόμῳ
392 2060 510 2116 δινωτὸν
529 2057 583 2115 ἀνὰ
600 2061 708 2131 θρόνον
725 2058 795 2117 ἄντα
807 2061 936 2131 θυράων.

125 2134 183 2190 Uhi
201 2134 288 2186 habes
305 2135 457 2198 Venerem,
488 2148 547 2185 uon
571 2141 603 2182 ut
628 2132 676 2183 hic
700 2132 736 2184 ad
759 2133 859 2186 lunam
879 2134 996 2185 choreae
1012 2128 1080 2183 celi·

25 2212 31 2217 ’
125 2206 273 2269 brantem,
303 2201 351 2257 sed
376 2210 408 2252 ut
426 2200 505 2269 frugi
522 2200 784 2268 matremfamilias,
814 2201 894 2253 domi
910 2210 1089 2271 manentem·

125 2282 156 2326 et
172 2268 324 2324 domestica
341 2268 457 2337 negotia
479 2279 685 2339 capessentem,
713 2269 783 2321 dum
799 2269 944 2321 Vulcanus
965 2268 1083 2321 maritus

126 2358 207 2395 suam
224 2338 347 2408 Liparae
365 2340 429 2388 visit
446 2336 595 2403 officinam.
630 2339 707 2390 Haec
725 2338 908 2407 scripseram,
939 2352 1008 2389 oum
1023 2350 1104 2405 aare„

126 2406 315 2462 auuuudverti
334 2404 591 2474 ingeniosissimum
602 2406 786 2475 Rutgersium
805 2415 934 2465 amesae
953 2404 1086 2461 maltum

125 2479 198 2541 visit,
219 2484 247 2527 et
266 2474 383 2545 insuper
401 2473 498 2525 locum
518 2474 666 2543 Apollonii
683 2475 740 2526 huc
760 2474 895 2527 attulisse.
1050 2524 1053 2529 ,
1108 2531 1112 2534 ,

161 2561 201 2597 12.
224 2546 276 2597 Seu
294 2555 384 2609 poscat
404 2560 502 2609 aguam
518 2544 575 2595 siue
594 2543 670 2593 malit
689 2542 814 2610 hoedum]
834 2545 878 2595 In
894 2541 1036 2610 scriptum
1051 2538 1081 2593 ia
1100 2580 1104 2587 ·

123 2612 215 2675 tribua
237 2610 382 2662 Lambini.
431 2612 507 2663 Unus
532 2610 654 2679 Cruqmi
678 2620 707 2661 et
727 2611 895 2663 Bersmanui
919 2625 989 2661 oum
1013 2608 1082 2667 meis
1100 2614 1113 2677 ᾖ

122 2678 340 2735 Zalichemiano
368 2687 397 2729 et
425 2679 531 2747 Regiae
566 2680 722 2746 societatis,
758 2682 877 2744 Agnom,
912 2687 942 2729 et
975 2676 1111 2746 haedos,

121 2749 209 2828 ,Quod
225 2746 322 2817 paullo
341 2746 458 2816 propius
481 2746 592 2798 accedit
608 2748 644 2799 ad
661 2764 758 2800 veram
775 2747 947 2815 lectionem,
974 2755 1005 2799 et
1020 2744 1082 2817 plu·

122 2833 202 2870 num
218 2825 248 2868 et
263 2815 449 2868 vetustiorum
469 2813 602 2867 codicum
615 2815 756 2885 suffragiis
775 2815 913 2884 innixam,

189 2886 240 2937 Seu
255 2898 348 2951 poscat
365 2902 380 2934 a
402 2901 447 2949 na,
465 2885 522 2933 sive
536 2886 612 2934 ntalit
629 2883 729 2937 haedo.
779 2914 783 2921 ·

121 2953 236 3007 Servius
254 2952 290 3004 ad
307 2900 401 3019 virgii
426 2948 525 3019 Eolog.
548 2952 602 3004 111.
646 2952 720 3003 Cum
735 2950 840 3005 faciam
858 2950 965 3018 vitula,
999 2948 1082 3017 Figu-

122 3026 189 3087 iate,
201 3021 309 3087 faciam
326 3020 419 3083 vincla,
437 3032 467 3071 ut
475 3019 583 3085 faciam
602 3032 669 3085 ture,
680 3022 789 3086 sociam
806 3040 887 3087 agna.
921 3022 1023 3077 Horat.

191 3090 241 3139 Seu
257 3101 350 3153 poscat·
369 3105 449 3153 agna,
466 3089 523 3138 sire
541 3087 619 3137 malit
635 3088 728 3139 hoedo.
900 3100 906 3115 '

118 3156 165 3208 Ita
188 3154 295 3226 legitur
320 3154 406 3207 etiam
430 3154 506 3225 apud
531 3156 659 3208 Marium
683 3157 867 3208 Victorinum
915 3194 923 3216 .
949 3169 1027 3225 2575.
1051 3158 1094 3227 et¹

118 3224 247 3277 Plotium
265 3224 339 3293 2659.
360 3222 456 3275 Codex
473 3223 648 3277 Graeviauus
665 3224 698 3276 iu
717 3225 865 3293 Margine:
893 3174 994 3287 iJeest,
1025 3221 1087 3290 iro-g

116 3292 223 3345 molari
244 3293 308 3345 sibi.
353 3291 534 3344 Rectissime:
563 3300 592 3341 et
611 3293 739 3361 proiecto
757 3294 781 3344 si
801 3308 899 3361 agnam
916 3300 946 3345 et
964 3290 1081 3347 hoedum
1117 3346 1120 3353 Ι

116 3358 234 3429 legeris,
268 3358 469 3427 nihilosecius
487 3358 715 3415 subaudiendum
732 3360 787 3412 erit
806 3360 995 3428 extrinsecus,
1023 3356 1096 3411 Seu'·

105 3438 206 3497 poscrt
229 3444 333 3498 agnam
357 3429 491 3479 immolari
507 3427 568 3477 sibi.
612 3431 699 3498 Atqui
716 3436 775 3481 tam
794 3430 868 3483 bena
885 3427 989 3481 Latine
1007 3424 1105 3491 diei-³·

111 3506 174 3565 tur,
198 3499 289 3569 poscit
305 3514 378 3565 agna
395 3497 450 3549 sihi
466 3495 627 3566 immolari,
656 3515 758 3570 quam,
787 3499 881 3570 poscit
901 3514 1002 3566 agnam
1015 3490 1076 3551 'sihi
