2250 3990
256 256 259 261 .
325 216 530 274 crnntnnrr
565 231 638 278 nis.
674 212 704 280 1.
761 198 764 203 ¹
948 221 996 289 7⁵·

177 274 182 295 Ι

45 323 123 387 itque
136 312 194 367 liu'c
210 310 307 383 potius
323 312 451 383 inclino,
479 323 512 365 ut
528 314 629 381 facilis
645 314 730 369 ianua
754 315 830 389 apud
854 319 992 379 Nostrum

45 386 66 439 it
101 382 195 437 verior
230 382 419 435 constructio:
457 400 631 453 quemquern
660 386 764 438 maiori
798 388 876 440 inter
896 400 992 447 retunt

45 454 103 507 orti
119 451 244 505 alterurn
261 451 354 519 magis
370 450 488 521 placuit.
526 454 669 506 Convenit
692 458 784 521 enim,
812 466 845 508 ut
882 460 992 513 aciditas
1063 502 1069 511 .

45 521 235 589 thenignitus
263 518 299 570 de
324 528 425 637 aperite
443 521 643 591 potiusquam
663 521 698 573 de
715 524 841 592 patiente
859 512 989 596 dicatur,

45 606 60 643 s
77 592 163 641 ianua
179 604 248 657 quur
268 605 341 639 move
360 601 398 653 at,
417 604 502 658 quoru
520 589 555 641 de
574 591 728 642 cardinibus
745 594 790 660 qni
806 595 990 649 movebantur.

45 658 103 711 llud
122 666 218 717 cutem
235 658 417 724 memineris,
446 659 557 709 multum
567 658 667 726 facilis
682 659 732 711 hic
751 661 898 742 accipere,
928 663 990 719 non

45 728 140 779 iulium
155 724 297 777 monebat:
326 734 359 777 ut
379 724 467 777 Serm.
488 729 518 793 l,
546 744 572 795 3.
616 727 739 779 Multum
756 729 884 781 demissas
899 731 988 788 homor

45 796 110 863 1,ss-
125 794 248 847 Multum
266 794 337 851 celer
356 806 434 865 atque
446 793 552 861 fidelis.
579 794 618 860 II,
656 796 803 848 ‚Multum
820 800 919 851 similis
936 820 990 853 me·

45 864 120 915 torti.
155 862 246 932 Epist.
269 863 297 927 l,
320 879 360 914 to.
396 863 518 913 Multum
535 810 695 929 dissimiies,
716 873 745 917 ct
763 864 887 936 denique
905 870 943 939 II,
961 885 990 927 2.

91 932 236 983 Pascentes
252 931 329 980 vario
348 930 462 982 multum
479 932 584 982 diversa
600 933 702 999 palato.
984 976 994 985 ..

58 1018 85 1072 7.
112 1000 164 1050 Me
188 1012 233 1067 tuo
258 998 355 1065 longas
372 1013 497 1067 pereunte
514 1013 616 1064 noctes,
635 1001 734 1069 lydia,
755 1003 867 1070 dormis]
906 1006 990 1060 Amu-

45 1086 70 1122 u·
86 1066 218 1121 exclusus
234 1067 435 1136 conqueritur,
468 1084 497 1119 sc
522 1069 582 1120 eius
600 1086 697 1122 cruore
717 1078 745 1121 et
765 1070 908 1125 desiderio
927 1090 995 1143 pe»
1053 1064 1057 1070 ⁵

45 1146 126 1205 aute,
148 1134 272 1205 Lydiam
289 1134 381 1188 ultum
398 1138 534 1188 dormire.
571 1136 629 1189 Cur
648 1145 744 1189 sutem
762 1139 860 1206 longas
876 1141 989 1194 noctes?

45 1202 179 1269 ntisorut¹
198 1203 309 1271 deuna
331 1204 385 1258 ills
407 1215 490 1258 nocte
513 1205 611 1275 queri,
647 1221 704 1276 qua
731 1206 795 1258 tuni
821 1208 988 1265 excubebat.

45 1276 109 1325 uste
125 1289 209 1343 spem
225 1271 347 1339 fovebat,
366 1290 395 1324 se
414 1292 447 1326 en
466 1274 528 1342 ipsu
546 1283 630 1327 uuctc
649 1274 847 1328 intromissum
864 1279 919 1343 iri;
939 1296 990 1329 ne·

45 1342 183 1411 nicquam
201 1339 310 1410 alioqui
330 1342 405 1395 iores
423 1343 593 1412 pulsaturus.
637 1342 715 1412 Quid
740 1344 838 1406 itaque
864 1347 987 1411 dubitus,

45 1409 70 1461 sl
89 1409 190 1462 invitis
207 1410 370 1478 codicibus,
395 1411 504 1479 longam
522 1424 625 1463 noctem
650 1412 810 1483 reponere?
845 1415 893 1469 Sic
919 1414 989 1470 Ori·

45 1478 90 1531 itu
105 1479 131 1529 E
151 1477 234 1530 istsls
251 1478 369 1531 Paridis.
637 1537 639 1542 ,

94 1498 161 1598 Sola
177 1548 249 1598 iaces
265 1549 344 1599 viduo
364 1561 421 1600 tam
434 1546 522 1617 longe
539 1556 624 1600 nocte
643 1548 735 1600 cubili.

45 1614 109 1667 dem
127 1616 225 1669 Amor.
245 1616 281 1680 II,
303 1633 343 1683 19.
844 1657 848 1669 .

91 1685 129 1735 Et
144 1686 204 1735 sine
221 1702 262 1734 me
282 1698 344 1735 ante
361 1696 421 1735 tnos
437 1686 583 1752 proiectum
600 1687 630 1736 in
647 1685 741 1739 limine
756 1698 844 1754 portes

125 1752 225 1821 Longa
242 1752 378 1822 pruinosa
387 1754 499 1821 frigora
518 1761 602 1807 nocte
619 1755 688 1821 pati.
764 1792 770 1805 .

45 1820 132 1875 utini
151 1820 220 1873 silv.
240 1822 273 1888 V,
295 1837 319 1882 4.

94 1891 129 1941 Ar
145 1908 224 1955 nunc,
245 1886 321 1954 heus,
340 1888 439 1956 aliquis
458 1887 544 1959 longa
561 1889 613 1942 tub
632 1899 716 1942 nocte
732 1889 839 1957 puellae

92 1957 213 2011 Brachia
230 1976 299 2007 nera
319 1969 417 2019 tenens,
435 1958 506 2009 ultro
524 1969 559 2022 te,
576 1976 676 2027 somne,
696 1959 814 2028 repellit·

45 2037 158 2081 ncertus
177 2034 275 2078 auctor
292 2025 324 2076 in
345 2026 569 2096 Epigrammate,
661 2044 664 2049 ’

94 2096 132 2146 Et
150 2097 207 2160 ipse
225 2092 312 2164 longa
328 2103 413 2146 nocte
430 2096 543 2147 dormiet
561 2094 644 2148 solus.

45 2164 129 2217 lotter
145 2163 235 2232 Epist.
255 2165 290 2229 l,
300 2181 323 2214 1.

98 2234 134 2282 Ut
153 2249 210 2283 nox
227 2230 322 2297 longa,
342 2231 436 2299 quibus
454 2231 580 2282 mentitur
598 2231 695 2297 amica,
713 2231 829 2283 videtur.

45 2300 175 2367 {elongor
194 2301 225 2350 in
245 2299 357 2351 Anthol.
378 2298 429 2349 lib.
448 2300 508 2350 VlI.

95 2368 129 2421 N
130 2367 181 2424 ΤΞ
199 2368 338 2432 ΜΑΚΡΗ,
358 2364 405 2418 καὶ
423 2370 512 2432 χεῖμα,
531 2360 617 2431 μέσην
633 2356 659 2416 δ’
678 2360 723 2418 ἐπὶ
740 2361 860 2419 attrita
877 2359 965 2433 tirsi,

93 2428 181 2502 Κᾶγώ
199 2430 253 2500 πρὸ
274 2431 432 2502 προθύροις
452 2432 594 2498 νείσσομαι
613 2427 740 2499 ὑόμενος.

45 2512 168 2559 inrecte
186 2503 326 2570 vtiooopat
342 2502 389 2557 vel
407 2502 549 2567 νίσσομαι,
577 2519 644 2553 nem
663 2512 782 2575 utroque
800 2501 885 2553 modo
902 2500 992 2553 scribi

45 2576 115 2640 nlet,
135 2573 257 2636 ambulo,
276 2591 368 2623 versor
386 2571 553 2637 anteferes:
581 2579 610 2621 et
634 2587 786 2639 perperam
803 2568 992 2621 substituebat

45 2658 147 2712 tignus
166 2639 298 2707 Scaliger
310 2636 464 2706 vicennam
491 2654 584 2710 neque
603 2639 707 2690 melius
724 2639 893 2692 Theodorus
911 2640 991 2690 Mar-

45 2712 111 2763 ilius
131 2708 267 2775 κείσομαι.

61 2796 101 2831 n.
128 2776 248 2829 Thracio
268 2775 413 2828 bacchante
432 2775 588 2842 magisfsuh
606 2773 755 2825 interlunia
773 2772 864 2842 vento]
904 2772 993 2826 Dixe-

45 2858 69 2900 tt
87 2848 149 2900 iam
168 2855 248 2910 ante,
282 2846 324 2895 Tu
342 2847 456 2895 inuicem
480 2844 642 2894 amatoribus
661 2843 804 2906 destituta,
834 2856 859 2892 et
879 2842 993 2895 libidine

45 2934 128 2980 erens,
148 2932 197 2981 per
216 2916 289 2964 vicos
308 2927 333 2965 et
351 2914 508 2980 angiportus
526 2911 648 2980 captabis
672 2908 809 2961 moechos:
837 2926 915 2961 nunc
942 2912 993 2971 ud-
1063 2920 1065 2924 “

45 2988 82 3052 it,
118 2985 208 3034 Borea
222 2982 269 3033 sub
289 2982 437 3033 interlunia
455 2983 542 3048 magis
567 2979 728 3042 bacchante,
758 2993 830 3047 quae
857 2976 992 3030 Siimmur

45 3053 155 3106 {titicus
182 3050 273 3100 Iulius
296 3049 423 3118 Scaliger
446 3052 504 3118 ipso
532 3053 617 3100 Borea
637 3047 790 3114 frigidiora
818 3063 878 3099 esse
909 3046 990 3100 dicit.

45 3133 60 3173 ‚t
77 3138 149 3174 sane
170 3116 288 3171 difficile
308 3127 349 3170 est
367 3114 545 3170 luculentum
563 3117 601 3170 uli
622 3133 689 3167 uum
714 3115 885 3167 sententium
904 3133 937 3166 ex
956 3115 993 3167 iis

45 3190 193 3243 xtundere.
228 3186 305 3256 Quid
329 3188 430 3239 enim?
464 3190 509 3239 An
532 3186 563 3236 in
582 3135 647 3237 silis
666 3183 831 3237 interluniis
849 3183 993 3236 conditio-

46 3277 74 3312 es
92 3257 272 3328 quaerebant
290 3256 475 3308 meretrices?
510 3258 554 3306 An
577 3262 650 3305 tetra
667 3261 695 3305 ct
719 3254 906 3322 tempestuosa
923 3268 990 3320 nor,

45 3344 81 3379 ua
101 3343 189 3378 nemo
208 3325 421 3376 extra'dumum
439 3323 586 3393 prodibat,
609 3324 798 3392 opportunior
816 3321 843 3372 ei
862 3322 995 3391 quaestui

45 3405 102 3462 rut,
131 3411 220 3465 quum
238 3409 337 3445 serena
357 3403 386 3444 et
402 3392 542 3445 sideribus
560 3390 696 3457 illustris,
724 3407 791 3442 cum
816 3406 906 3457 aeque
929 3391 993 3442 iero

45 3480 63 3513 .c
87 3463 218 3515 interdiu
237 3461 348 3532 plateae
367 3461 643 3531 frequentabantur?
678 3459 733 3512 Sed
752 3466 826 3511 esto:
854 3459 994 3510 conceda·

45 3548 92 3583 nus
109 3533 182 3584 baec
200 3532 275 3583 bene
292 3548 321 3582 se
339 3530 458 3585 habere:
478 3538 507 3581 at
525 3528 595 3600 quid
615 3526 731 3580 demum
750 3543 817 3578 cum
835 3525 888 3578 illo
907 3526 995 3592 magis

45 3601 138 3655 acies?
157 3598 247 3654 Nulla
264 3599 381 3672 quidem
397 3599 446 3653 bic
464 3595 639 3671 computatio
656 3605 707 3666 est,
727 3611 822 3669 neque
840 3595 1003 3670 quicquum
