2228 3900
19 176 23 187 ,
76 110 122 173 ’16
312 178 315 187 ¹
367 124 398 178 o.
433 120 591 163 nonarrr
626 120 756 164 resecr
792 88 800 101 ’

81 204 174 261 dentii
192 215 221 260 et
237 204 341 265 Avieni
363 198 450 271 locis,
481 221 553 274 quae
573 220 659 275 supra
675 202 864 275 protulimus,
899 204 1037 277 i'arbidun

81 278 215 332 substitui
234 277 343 326 debeat.
929 300 932 305 ·

115 361 157 402 20.
181 344 300 411 Infnmrs
311 343 437 409 Scopuios
447 344 644 393 Acroceraunia
672 340 812 413 Virgilius
822 344 893 397 Aen.
911 344 968 415 III,
987 347 1037 415 5⁰6

152 410 328 465 Provehimur
342 406 439 479 palaico
457 412 549 461 uicina
566 412 700 471 Ceraunia
718 413 803 461 iuxta.
873 414 876 419 '

81 483 140 537 Ubi
159 480 272 534 Seruius
291 480 447 530 lectionem
473 480 547 530 hanc
571 481 603 530 in
621 478 724 531 Flacco
744 480 903 534 confirmat.
947 484 1037 537 Cerea

81 554 145 614 nia,
172 549 282 619 inquit,
302 560 403 599 montes
416 548 511 614 Epiri,
532 567 548 597 a
566 549 665 598 crebris
673 547 840 614 fulminibus
851 562 969 618 ¹propter
986 552 1037 605 tta

81 620 203 672 tudinem
224 618 365 668 nominati.
405 616 480 665 antu
498 614 629 666 Horatius
651 616 800 683 expressius
824 618 909 683 dixit,
936 622 1037 671 Acroce<

82 691 196 752 raunia,
223 700 331 755 propter
357 684 527 735 altitudinem
544 698 567 734 et
579 685 729 750 fulminum
747 686 841 736 iactus.
876 688 1037 743 Lactantius

81 756 117 810 ad
138 755 220 808 Statii
231 748 328 805 'Titeu
347 754 377 819 Ι,
399 766 456 820 135.
492 752 613 820 infames
631 754 739 803 Scirone
756 766 856 820 petras.
890 757 984 824 Nota,
1002 755 1037 819 iu·

81 826 153 897 quit,
175 824 296 890 infamas
313 823 392 885 dixit,
410 834 439 870 ut
459 832 506 884 est,
928 842 932 847 ·

149 892 269 957 infames
282 890 405 956 scopulos
423 889 628 940 Acroceraunia.

80 962 163 1013 Idem
176 948 285 1039 repetit
303 958 338 1009 ad
357 956 416 1021 III,
448 970 504 1011 121.
530 965 558 1007 et
580 956 616 1008 ad
638 958 692 1026 vt,
721 960 780 1026 156.
818 956 877 1017 Sed
891 962 925 1015 in
943 958 1037 1015 ultimo

79 1030 225 1082 Lactantir
252 1028 316 1078 loco
344 1025 416 1075 libri
441 1025 554 1094 antiqui
581 1036 794 1095 repraesentant
809 1031 880 1081 'alta
908 1038 953 1081 'cer
1010 1018 1035 1045 '²

80 1106 198 1151 notante
213 1094 322 1147 Theoti.
342 1093 478 1145 Marcilio
499 1102 528 1145 et
546 1094 670 1173 Georgia
687 1096 835 1164 Fabricio,
860 1098 893 1151 in
910 1046 1037 1163 Nom

78 1169 136 1219 hoc
163 1166 296 1221 Carmen.
338 1162 420 1213 Unda
447 1163 493 1215 vir
510 1164 678 1213 recoud1tae
696 1163 865 1218 eruditionis
882 1162 1037 1221 Gulielmd

79 1236 184 1301 Baiter
200 1233 232 1284 iu
249 1248 358 1301 nupeqa
376 1247 425 1282 sua
442 1231 556 1282 Horatii
573 1231 700 1284 editione
717 1233 759 1284 sic
776 1234 878 1303 edidit,

150 1301 270 1368 infames
286 1299 417 1367 scopulos,
436 1299 493 1348 alta
512 1300 655 1351 Ceraunia.
1008 1348 1030 1369 ,Ι

82 1368 200 1424 Nollem
218 1369 344 1433 facturr.;
371 1383 464 1437 neque
482 1366 561 1418 enirn
578 1364 639 1419 ulla
656 1369 744 1421 unius
760 1369 821 1423 lo'ci
836 1370 961 1443 suspecti
977 1386 1037 1427 auo·

79 1438 181 1492 toritas
204 1448 246 1492 est
263 1445 363 1491 contra
381 1434 436 1487 duo
456 1435 513 1488 alia
526 1436 664 1488 ,eiusdem
681 1437 825 1490 Lactantii
848 1439 930 1507 loca,
958 1450 988 1493 et
1006 1454 1037 1495 ee

79 1509 265 1562 vetustiorem
282 1505 429 1570 Servium,
458 1514 486 1555 et
498 1521 603 1571 ‚omnes
621 1513 760 1575 quotquot
776 1508 885 1579 ubique
903 1516 972 1561 eunt
985 1510 1037 1562 Ho-

79 1576 148 1630 ratii
165 1576 270 1629 libros:
289 1591 382 1644 neque
399 1590 466 1625 sane
483 1572 603 1624 tolerari
621 1573 670 1625 hic
687 1575 794 1653 poterit
809 1576 918 1647 duplex
934 1576 1036 1649 epithe-

79 1654 139 1711 ton,
159 1645 288 1712 Insames,
308 1645 387 1703 Alta;
407 1650 439 1693 ut
456 1650 625 1709 agnoscent,
646 1658 696 1711 qur
713 1645 842 1713 poiticae
860 1656 976 1715 gustum
992 1644 1036 1703 lra-

77 1715 156 1767 hcnt.
189 1706 425 1779 ,Auenticum
458 1720 490 1761 ut
511 1705 738 1778 Anaoutiawdos:
769 1712 912 1766 nimirum
934 1721 1036 1769 monta

79 1781 216 1834 Ceraunii
243 1780 410 1849 longissimo
437 1786 531 1831 tractu
557 1779 782 1848 protenduntur,
817 1798 944 1851 quorum
969 1798 1036 1835 stutt-

77 1868 159 1903 mum
186 1849 418 1920 promontorium
441 1847 653 1900 Acroceraunia
679 1850 787 1933 nomeu
812 1851 908 1905 habet.
956 1848 1035 1919 Ovidi

78 1918 198 1970 Renred.
213 1921 309 1970 Amor.
329 1934 356 1972 r.
395 1932 438 1983 59.

148 1986 207 2036 Hae
226 1987 275 2036 tibi
293 1986 348 2035 sint
379 1995 465 2049 yrtes,
483 1981 550 2032 haec
568 1984 768 2036 Acroceraunia
782 1987 850 2039 vita.

77 2054 154 2109 Plio.
176 2054 248 2106 Hist.
273 2052 335 2119 III,
362 2068 403 2118 23.
447 2051 562 2100 Initium
585 2054 681 2117 Epiri,
710 2064 818 2105 montes·
829 2044 1034 2109 Acroceraunia.⁸

77 2123 231 2174 etiterum
250 2120 350 2174 eodem
366 2118 443 2170 libro
463 2127 564 2186 quater
582 2120 628 2171 vel
647 2121 808 2192 quinquies.
850 2120 1034 2179 Lucius'Am'·

77 2191 171 2261 polius
189 2208 249 2257 cap.
270 2204 296 2257 5.
334 2189 493 2251 Parnassus,
511 2189 754 2241 Acroceraunium
770 2193 864 2259 Epire.
900 2194 977 2247 Tum
992 2208 1034 2247 ou·

77 2270 145 2328 tem,
166 2258 241 2328 quod
259 2258 336 2309 idern
356 2254 515 2324 suspicatur
533 2256 729 2308 Acroceraunia
746 2276 779 2310 ea
794 2260 957 2326 glossemate
976 2270 1037 2327 eret,-¹

77 2330 141 2407 quia
157 2327 311 2394 vulgatium
339 2324 424 2394 plane
442 2324 526 2374 aliter
543 2340 587 2375 res
608 2326 701 2378 hahet.
738 2328 811 2379 Nem
838 2339 954 2399 praeter
976 2328 1033 2383 loct

75 2413 136 2448 tam
154 2395 248 2464 citato,
269 2392 383 2458 trustra,
404 2392 521 2461 opinor,
544 2392 615 2443 alihi
636 2396 833 2447 Acroceraunia
851 2398 1032 2467 quaesiverint

24 2466 28 2475 '
75 2464 143 2583 c‘pm
161 2465 297 2516 Ceraunia
314 2462 540 2533 vulgatissimum
559 2462 612 2530 sit,
643 2478 711 2515 cum
735 2465 812 2533 apud
835 2465 962 2537 Peius„
979 2476 1033 2531 tm

74 2550 92 2585 a
106 2550 157 2586 ros.
1018 2538 1029 2551 '

58 2641 65 2654 .
110 2616 151 2656 22.
179 2599 366 2670 Nequicquam
385 2597 459 2649 Deus
477 2599 589 2649 abscidit
610 2594 732 2649 Prudens
756 2615 855 2655 oceano
874 2598 1033 2681 disraeiaiiii

78 2670 187 2737 Terras]
213 2669 293 2722 otim
311 2668 361 2720 hic
377 2667 486 2737 passive
505 2672 549 2729 (ut
568 2666 758 2720 Grammatici
776 2668 949 2738 loquuntur)
964 2686 1033 2723 ecet-

73 2738 193 2808 piebant
209 2737 391 2799 dissociabili5
408 2753 442 2787 eo
462 2754 544 2788 sensu
562 2745 594 2787 ut
610 2737 686 2786 Deus
705 2749 774 2786 recte
792 2740 940 2791 absciderit
953 2744 1034 2801 terret

74 2806 108 2855 ab
124 2802 240 2871 Oceano,
257 2824 335 2874 quem
351 2817 402 2873 par
420 2819 477 2856 erat
494 2805 527 2855 ab
548 2807 587 2855 eis
603 2805 745 2854 dissociari
759 2816 787 2855 et
803 2804 937 2863 abscindi.
961 2808 1032 2883 Quo·

72 2874 160 2926 modo
179 2884 208 2926 et
227 2874 348 2926 Ovidius
368 2875 485 2926 Metam.
504 2876 528 2940 Ι,
549 2888 592 2928 22.
880 2904 883 2911 ·
933 2894 967 2935 ’,

143 2940 219 2995 Nam
235 2943 309 2993 caelo
327 2956 420 3006 terras,
442 2956 468 2992 et
487 2945 567 2992 terris
584 2940 706 2994 abscidit
724 2942 820 2996 undas.
900 2966 906 2993 ι

73 3010 111 3064 Et
126 3012 231 3064 Statius
248 3011 318 3066 silv.
338 3008 392 3076 ΙΙΙ,
413 3030 436 3062 a.
456 3028 481 3061 v.
501 3010 543 3067 61.
762 3058 766 3066 .
1025 3063 1029 3071 ,

144 3079 213 3198 guis
229 3079 295 3130 rude
312 3092 337 3128 ct
353 3079 509 3131 abscissum
525 3080 631 3132 rnireris
647 3080 831 3133 animantibus
847 3098 950 3152 aequor
1026 3090 1030 3095 '

167 3148 219 3198 ecit
235 3148 308 3200 iteri
866 3152 870 3161 '
1027 3182 1032 3193 ·

72 3214 280 3269 Posterioribus
310 3224 407 3283 autem
437 3233 471 3269 ea
501 3213 607 3269 melior
637 3216 698 3271 risa
727 3227 773 3271 est
800 3216 961 3285 sententia,¹
1001 3214 1033 3271 ot

72 3284 148 3336 Deus
162 3283 334 3353 providenter
350 3297 436 3336 terras
454 3286 623 3350 discreverit,
642 3288 714 3337 aiios
730 3282 838 3339 scilicct'
851 3288 886 3338 ab
903 3289 977 3355 aiit's,
992 3290 1032 3351 itt·

70 3354 236 3405 terrenitate
255 3350 380 3413 Oceano,·
398 3352 483 3422 quale
498 3353 573 3405 illud
591 3354 721 3429 Lucretii
739 3366 789 3424 est,

141 3420 178 3473 Et
196 3437 277 3488 mare,
298 3421 367 3489 quod
385 3423 438 3473 iate
458 3435 592 3481 terrarum
608 3424 726 3483 distinet
745 3440 816 3480 oras.

70 3488 107 3545 Et
131 3486 254 3545 Senecae
279 3488 412 3545 Consciat
445 3490 482 3544 ad
500 3490 649 3545 Marciam.
665 3490 700 3548 ''r.
723 3505 761 3558 13.
797 3490 877 3565 Quid
893 3514 927 3539 -v
942 3492 1031 3549 eiam
