2250 3990
124 152 171 229 74
216 156 223 183 '
276 146 281 155 ’
389 160 805 231 zownonrrrrnaact

48 292 51 297 .
190 242 324 315 Ambitus,
341 258 368 299 et
384 264 447 300 raro
463 246 587 314 pulsatur
604 248 688 299 ianue
704 255 792 299 tuctu.

126 320 183 375 Sed
199 334 315 383 vereor,
332 327 366 368 ut
382 316 517 384 cuiqnam
536 315 607 367 heec
625 313 798 385 persuaserit
813 311 1043 389 sulpureus!
1062 318 1071 364 Γ
1088 351 1089 358 κ

126 407 201 444 mus.
243 385 383 455 Equidem
400 384 495 454 siquid
513 382 562 435 hic
579 394 720 447 mutatum
738 382 857 453 vellem,
887 384 1014 443 vectibus
1031 414 1061 451 a

128 459 184 511 bris
200 458 294 529 potius
312 452 449 524 legerim,
482 468 569 523 quam
588 456 638 505 sut
654 454 769 505 tactibus
793 462 843 505 out
859 446 989 509 iactiblss.

126 527 204 579 tibus
228 525 306 577 enim
329 523 482 583 utebantur
499 531 638 575 amotores
655 523 726 575 ede
764 522 913 593 signandus
955 553 970 569 ..
983 523 993 589 '-

125 597 227 651 ianuas
245 602 273 646 et
289 592 434 655 fenestras,
455 598 487 641 nt
504 590 606 642 Noster
626 591 721 650 Canu.
785 591 857 661 ,26-

328 656 381 726 liic,
401 660 446 710 hic
462 659 553 726 ponite
570 660 662 712 lucida

63 752 69 773 ·
122 750 124 755 ·
196 730 323 796 Funabia,
344 742 369 781 et
387 736 630 794 succenseamus

231 797 369 868 oppositis
378 795 490 864 foribus
507 798 633 849 minaces.
670 818 674 829 ·
748 808 755 845 .“
1023 824 1028 831 ·
1059 842 1062 847 .

76 884 80 895 “
126 870 280 941 Eleganter
296 876 392 920 autem
410 863 509 917 crebris
527 866 668 921 vectibus:
688 874 721 919 ut
736 864 879 939 Virgilius
895 868 973 925 Asu.¹
986 882 1045 943 ῳ.
1077 897 1084 931 ‚2
1109 913 1110 922 ,

344 934 418 987 labat
435 931 524 985 ariete
542 936 643 987 crebro
950 964 957 971 -

196 1009 292 1069 Ianua,
313 1003 435 1054 cremati
451 1003 625 1069 procumbunt
643 1004 753 1057 cardine
771 1018 869 1074 postes.
1056 1054 1060 1065 ,

116 1069 164 1131 (Et
182 1075 254 1127 stibi
273 1072 366 1123 crebra
385 1072 454 1135 tela,
475 1071 574 1122 crebris
593 1073 760 1139 bipennibus.
796 1075 855 1125 Seo
875 1074 1006 1141 omnino·
1035 1074 1069 1128 Ὗ.

126 1145 222 1198 nenda
240 1147 413 1207 estrecepta
429 1138 517 1191 lectio
535 1141 648 1203 ictibus‚·
666 1142 715 1193 cui
732 1140 948 1211 adstipulantur
964 1144 1022 1199 st·
1040 1179 1041 1182 =
1069 1143 1078 1170 s

85 1262 89 1281 ,
126 1212 240 1265 codices
257 1226 316 1261 non
336 1207 435 1276 pauci,
466 1218 494 1258 et
512 1224 547 1259 ex
571 1208 642 1261 mois
661 1208 815 1276 Petrensis,
843 1211 1018 1281 Magdolen.

125 1279 317 1344 Battelianns,
337 1275 438 1340 Gelei3
459 1276 533 1327 adde
550 1277 707 1341 editionem
723 1279 861 1333 Loschcri
876 1288 962 1350 ¹149&
1028 1313 1029 1318 =
1066 1289 1072 1296 ”

123 1349 232 1413 ictibus,
250 1355 283 1399 nt
319 1344 385 1396 lune
402 1344 553 1397 Lucretius
572 1346 700 1413 IV,·932.
731 1348 737 1365 ‘
1012 1368 1015 1377 ·
1052 1406 1062 1415 ..

305 1415 407 1477 andier,
426 1424 508 1482 atque.
521 1415 578 1465 eius
594 1416 696 1469 crebre
712 1415 847 1484 pulsarier
862 1413 935 1475 ictu.
1009 1432 1014 1439 ·
1031 1430 1035 1435 ·
1073 1427 1075 1436 ”

126 1493 156 1539 et
173 1483 245 1537 ibid.
266 1497 340 1555 1¹72.
989 1526 1001 1543 .,
1022 1502 1025 1509 ’
1043 1504 1066 1531 -·.·

168 1588 173 1603 .
195 1553 269 1604 Nam
286 1554 380 1604 leviter
396 1550 519 1620 quamuis
534 1550 605 1620 quod
620 1551 721 1605 crebro
738 1552 861 1605 tunditur
873 1550 950 1625 ictu,
993 1598 1001 1609 .,
1038 1560 1057 1609 ··.“
1066 1563 1075 1610 i

125 1620 229 1693 virgil.
250 1626 318 1674 Aen.
339 1620 401 1685 XII,
422 1636 480 1688 2²5·
875 1652 878 1657 -
1010 1630 1013 1635 ·

326 1702 382 1741 tum
402 1688 516 1741 crebros
533 1686 640 1739 ensibus
652 1686 738 1741 ictus·

195 1754 400 1829 Congiminant.
470 1766 486 1777 ·“
981 1784 1005 1802 -,
1100 1767 1102 1790 ³

125 1828 162 1884 Et
180 1826 252 1885 ibid.
272 1831 304 1896 V,
323 1840 384 1897 459.
414 1846 416 1855 ¹
534 1848 538 1853 ·
1040 1822 1072 1889 if,-

428 1894 473 1945 Sic
489 1892 583 1945 densis
598 1892 705 1945 ictibus
718 1891 802 1949 ¹beros
1067 1920 1071 1927 ·

193 1964 302 2016 Creber
319 1974 429 2029 utraque
448 1980 528 2011 manu
544 1962 633 2027 pulsat
652 1970 791 2032 uersosque
808 1962 936 2015 Darem

159 2045 185 2100 5.
209 2031 285 2097 Quae
301 2031 377 2097 prius
393 2029 506 2079 multum
523 2030 627 2095 faciles
650 2031 771 2081 movebat
789 2029 933 2099 Bardines]
970 2024 1064 2095 reatu

123 2108 158 2152 ut
175 2107 249 2151 extat
264 2098 297 2147 in
314 2096 508 2147 vetustissimis
526 2096 661 2165 Cruqaii,
686 2107 714 2149 et
731 2098 886 2168 Reginensi
902 2108 999 2153 nostro
1013 2094 1066 2161 οὐ,
1097 2113 1100 2152 t

125 2168 237 2248 aliquot
254 2165 333 2231 aliis,
363 2165 530 2233 ambiguum
550 2164 633 2230 iecit,
653 2174 788 2219 utrumne
797 2168 897 2235 facilis
916 2171 1013 2235 iarum,
1037 2180 1064 2221 n

116 2237 222 2306 sacries
240 2233 363 2283 cardines
385 2232 422 2283 sit
439 2234 670 2285 construendum.
713 2237 749 2287 Et
766 2236 907 2290 utrumvis
925 2252 1024 2291 saneo
1070 2245 1098 2280 ’π

50 2299 54 2306 “
124 2320 241 2358 morum
264 2311 414 2354 auctorum
438 2301 575 2373 cremplir
595 2303 671 2354 tueri
696 2305 811 2373 poteris.
863 2304 1008 2361 quenalis
1041 2300 1063 2369 l,

126 2375 171 2436 63.

197 2442 232 2491 Ut
249 2438 336 2500 cessit,
353 2436 436 2490 facili
452 2453 596 2507 patuerunt
613 2441 732 2492 cardine
750 2439 854 2490 ualuas.

122 2509 249 2571 Serenus
262 2506 465 2573 Sammonicus,
487 2508 620 2577 frequens
637 2515 725 2561 nostri
740 2509 882 2562 imitator:

193 2580 246 2631 Aut
263 2576 349 2626 medio
366 2578 468 2627 ventris
483 2579 592 2644 prodest
608 2579 765 2644 adspergere
783 2591 891 2641 terram,
951 2620 955 2633 ,,

192 2646 282 2714 Quam
300 2646 476 2712 signaverunt
492 2646 608 2712 uestigia
626 2664 717 2712 pressa
737 2660 864 2709 rotarum,

193 2714 320 2766 Proderit
337 2728 362 2764 st
379 2714 470 2781 pulvis
486 2713 568 2767 facili
587 2715 634 2764 sub
655 2716 772 2769 cardine
792 2729 893 2783 raptus.

124 2786 233 2840 Contra
251 2790 345 2834 nutem
365 2782 486 2835 Ovidius
504 2786 598 2834 Amor.
620 2784 641 2847 1,
664 2802 686 2834 2.

192 2850 349 2904 Difficilem
367 2865 437 2902 moto
457 2851 565 2902 cardine
582 2852 669 2917 pande
687 2851 789 2905 forem.

123 2918 261 2979 'tibullus'
280 2918 358 2985 Eleg.
380 2921 402 2986 1,
422 2937 446 2972 s.
862 2960 866 2967 .

192 2993 281 3041 Ianua
298 2988 419 3054 difficilis
438 2989 548 3053 domini,
567 3001 592 3039 te
609 2987 728 3039 verberet
747 2986 840 3039 imber.
1076 3034 1088 3054 „

166 3059 201 3112 od
220 3056 277 3107 huc
296 3054 413 3107 adducit
430 3057 612 3110 Torrentius:
643 3072 741 3108 verum
769 3055 817 3105 hic
843 3054 940 3122 potius
959 3050 1077 3124 disjicilit¹

143 3128 225 3180 omini
244 3124 446 3193 coniungenda
463 3134 543 3194 sunt,
576 3143 662 3197 quum
685 3127 768 3175 ianua
791 3123 926 3192 difficilis.
975 3112 1081 3197 Senon·

123 3194 283 3249 Troadibus
300 3192 361 3259 406.
396 3208 399 3213 ·
1068 3208 1095 3281 Ιι·

425 3261 508 3311 limen
525 3274 551 3312 et
567 3261 690 3312 obsidens
1070 3262 1080 3303 -'

193 3332 289 3382 Custos
306 3347 360 3381 non
377 3328 461 3380 incili
480 3331 608 3381 Cerberus
626 3329 707 3382 ostio.
938 3348 944 3357 ·

123 3399 207 3455 ldem
224 3398 259 3449 de
276 3396 320 3450 iro
341 3398 393 3463 111,
413 3414 455 3469 37.
495 3394 584 3461 Nunc,
603 3400 665 3462 ille,
687 3399 732 3465 qui
749 3399 822 3450 intra
838 3400 923 3461 iacet,
935 3397 1014 3466 selis
1023 3396 1083 3467 sor·
1103 3418 1106 3423 ·

124 3482 283 3535 tunatusqus
301 3479 341 3516 est
347 3485 357 3527 ‚·
375 3480 400 3517 et
418 3468 489 3517 beati
507 3466 624 3518 bominis
642 3467 745 3517 iudicat
762 3484 793 3517 ac
811 3469 929 3535 potentis
944 3469 1084 3531 indictam,

123 3534 275 3595 difficilem
291 3535 424 3593 ienuam:
449 3538 535 3589 nescit
553 3535 737 3589 durissimum
754 3552 812 3589 esse
828 3536 936 3590 ostium
959 3538 1085 3591 carceris.
