2228 3900
320 184 521 229 ctrutuuu
555 186 634 232 mss
657 166 685 232 1.
774 168 778 175 ’
953 182 997 249 89

34 288 38 293 ·
67 266 396 340 nm,puos1uterpretes
415 266 613 337 inspexerunt,
631 267 674 321 sie
689 268 840 341 habuerit3
865 284 997 347 quemvis

12 370 16 380 ι
70 337 269 409 iliptidleittio
286 344 393 405 tegent.
437 335 570 404 Optimus
590 344 686 389 tamen
705 339 895 399 Bersmennus
913 358 996 403 testa.

12 431 15 443 ·
70 416 157 472 matt,
171 422 205 457 ex
223 405 318 457 tribus
334 406 392 457 ruis
409 405 556 457 codicibus
574 405 644 457 duos
661 406 765 460 hebere
782 411 889 463 nobilis.
926 420 995 471 Am.

12 494 17 527 t
68 474 158 545 bipaau
172 474 263 543 igitur
287 489 322 525 ex
344 482 439 541 ¹uetere
464 471 611 525 scribendi
627 473 738 527 ratione
757 478 804 541 fit,
830 480 940 535 Nobilis
956 504 995 541 ne

66 543 129 597 libror
146 542 265 595 solverit
282 542 398 608 Noster,
426 559 463 595 au
487 541 587 593 nobilis
611 542 743 595 Panaetii.
779 545 838 613 Ego
864 567 931 604 tero
956 570 995 607 ne

66 610 166 665 dubitare
181 612 301 682 quidem
318 626 447 729 possum,
477 610 546 679 quin
572 610 673 661 nobilis
689 611 724 663 od
744 613 912 670 Panaetium
930 625 996 673 etti-

65 688 129 743 tteut,
148 696 179 731 us
205 681 292 731 libros
339 676 429 749 uplici
455 677 581 748 epitheto
606 680 829 734 accumulemus.
880 686 937 756 Qui
963 691 996 744 in

16 767 23 778 ·
68 746 138 801 totu
153 748 213 801 triti
232 755 327 811 suuis
344 746 400 798 hoc
425 748 521 799 statim
544 744 720 817 intelligent.
765 748 877 804 Nobilis
898 765 995 813 autem

19 819 41 871 .'
69 814 176 877 suerii,-
193 825 226 868 ut
242 816 317 869 alibi
333 816 434 867 Noster
452 814 542 884 Epod.
562 815 641 867 xm.

25 904 43 951 -2
113 884 212 939 ttotitie
229 898 260 935 ut
277 884 377 952 grmtdi
393 885 491 935 cecinit
508 884 657 935 Centaurus
674 885 792 938 alumno.

22 958 86 1034 s*

94 952 169 1073 Epist.
185 954 209 1019 1,
231 967 274 1023 19.

94 1037 97 1043 ·
128 1022 168 1073 rou
186 1040 237 1088 ego
254 1018 400 1073 itobilium
415 1021 576 1087 scriptorum
593 1020 700 1074 auditor
716 1036 743 1074 et
759 1025 839 1076 ultor.

17 1129 27 1143 .
63 1088 199 1155 scriptorum
222 1088 304 1141 enim
327 1088 404 1140 ibis
423 1089 555 1155 scriptor,
582 1104 640 1141 nou
659 1107 675 1141 r
696 1092 836 1159 Scriptum.
880 1096 925 1151 Ita
949 1099 998 1153 ci.

61 1172 123 1225 κως
147 1158 272 1225 Magnus
290 1170 316 1208 et
332 1156 438 1210 nobilis
456 1156 560 1207 liberor
578 1160 728 1211 Isocrates:
759 1170 802 1223 ετ,
837 1162 903 1215 Tres
921 1169 998 1221 illius
1083 1158 1086 1165 ¹

61 1228 136 1277 made
149 1224 324 1279 nobilissimi
341 1238 367 1277 et
383 1226 527 1275 clarissimi
545 1225 712 1294 Philosophi.
748 1230 860 1284 Gellius
880 1235 933 1286 VII
968 1251 997 1307 5.

60 1292 366 1417 'uis
383 1290 629 1413 rattruut
651 1308 738 1418 ut
932 1276 999 1383 ‘³2²¹‘-

113 1400 121 1415 ·
481 1399 495 1413 ν
631 1398 638 1414 s
677 1404 683 1415 s
736 1404 744 1419 e
833 1386 891 1420 llud*
1010 1419 1013 1426 ,

57 1442 161 1495 mauis,
177 1430 287 1485 nobilis
304 1430 501 1481 Grammaticus
511 1428 635 1481 Latinus.
670 1432 726 1484 Sed
743 1442 771 1487 et
788 1450 854 1487 eum
893 1360 1005 1508 rcibss'

39 1498 206 1556 ¹Rorttittibus
224 1499 363 1568 copulant
378 1498 480 1549 Cicero
498 1497 619 1566 aliiquet
640 1498 751 1553 Nobilis
770 1504 854 1569 Syllo,
873 1456 1014 1557 lionam·

56 1578 90 1619 tu
110 1582 134 1620 et
157 1569 271 1619 Nobilis
299 1566 483 1645 Thucydides,
521 1566 632 1616 Nobilis
661 1580 687 1617 et
713 1568 814 1620 alarus‘
835 1572 998 1627 Demetrius.

36 1673 39 1680 ·
57 1632 127 1689 bete
144 1646 241 1691 tumen
261 1636 331 1687 alias
349 1633 446 1686 dicere
464 1634 570 1704 poteris
588 1634 703 1687 Nobiles
722 1638 820 1688 libros:
843 1650 876 1691 ut
899 1636 1003 1697 Nostei·

58 1702 167 1773 utus,
187 1704 336 1755 Nobilibus
352 1704 437 1753 Ennii
453 1703 597 1753 trimetris:
608 1711 645 1771 ‚et
662 1705 805 1759 Martialis
825 1708 887 1776 VH,
908 1711 953 1775 46.

110 1774 182 1825 Nam
200 1792 242 1823 me
260 1772 354 1839 diligit
372 1772 429 1837 ille,
449 1773 651 1839 proximumque

111 1842 196 1893 Tomi
216 1840 363 1893 nobilibus
379 1852 455 1907 putat
474 1838 592 1890 libellis.
663 1885 666 1891 .

56 1908 184 1963 benuntia
200 1909 309 1979 igitur,
331 1917 547 1976 utramcumque
564 1905 721 1961 lectionem
739 1912 879 1981 sequeris,
901 1912 1002 1968 eodem

38 1988 41 1993 “
58 1978 159 2033 reeitlitt
176 1978 280 2031 inilia
297 1986 392 2029 tamen
410 1976 584 2029 constructio
603 1985 644 2028 est
658 1977 778 2030 mollior
799 1990 828 2031 et
844 1984 1000 2038 venustior.

260 2074 387 2144 XXXI.
448 2097 500 2141 An
533 2095 772 2144 troumuuu.

82 2204 106 2255 9.
127 2187 255 2238 Ptemant
280 2184 382 2235 cotem
398 2183 491 2251 falce,
528 2184 621 2251 quibus
644 2185 717 2234 dedit
742 2184 876 2256 Fortuna,
908 2191 1000 2260 uitem]

59 2250 130 2325 lego,
148 2273 207 2307 non
227 2254 334 2321 littera,
352 2252 400 2303 sed
419 2251 527 2303 lineola
546 2253 691 2303 dumtaxat
709 2254 814 2324 addite,

9 2359 12 2365 ·
114 2324 239 2375 Premaut
256 2321 393 2373 Calenam
405 2321 493 2388 falce,
511 2321 605 2389 quibus
620 2320 695 2371 dedit

115 2392 242 2457 Fortuna,
262 2392 353 2441 vitem.

9 2486 14 2512 ι
61 2456 96 2511 tis
111 2462 187 2513 euim
205 2470 234 2510 et
251 2457 421 2527 compositio
438 2457 553 2509 suavior
569 2466 625 2525 est,
656 2466 685 2510 et
702 2458 859 2529 Epitheton
876 2460 1004 2532 digniori

62 2529 179 2581 tacebulo
196 2526 346 2581 tribuitur.
382 2525 485 2605 virgil.
506 2527 609 2606 Geprg.
629 2527 652 2595 1,
675 2540 733 2596 157.

9 2616 14 2646 ·.
351 2608 376 2645 et
394 2611 464 2644 ruris
483 2612 561 2663 opaci

9 2684 19 2717 s
54 2686 59 2697 ·
114 2664 196 2718 Falce
214 2682 328 2734 premes
347 2664 462 2715 umbras.

9 2752 20 2785 r
66 2730 188 2785 lotterE
211 2735 257 2789 od.
277 2752 300 2787 a.

117 2753 279 2869 inutilesque
298 2801 372 2855 falce
393 2818 481 2852 ramos
498 2808 659 2869 amputans.

68 2866 107 2921 bbi
123 2872 200 2922 vides
219 2868 251 2921 τὸ
262 2871 341 2938 falce
359 2868 581 2939 nulloEpitheto
602 2867 779 2925 comitatum.
814 2868 894 2923 Alibi
910 2878 1006 2925 tamen

69 2936 148 2990 llotter
164 2940 260 2991 Germ.
284 2940 306 3005 1,
327 2956 368 2992 ao.

119 3008 276 3072 Caecubum,
296 3020 322 3057 et
339 3006 435 3077 praelo
454 3008 581 3057 domitam
599 3003 707 3057 Caleno

122 3076 161 3127 Tu
179 3077 253 3126 bibes
270 3094 357 3126 ilvam.

74 3142 141 3211 itque
158 3145 241 3207 hinc,
264 3144 365 3209 credo,
385 3144 523 3196 Librariis
541 3161 607 3197 unsa
625 3143 690 3196 dots
704 3151 745 3196 est
762 3140 796 3193 tul
815 3140 894 3194 hunc
911 3141 1008 3195 locum

76 3215 303 3283 ttrrumpendutn.
348 3214 401 3264 Sed
427 3215 555 3283 profecto
581 3230 639 3264 non
664 3229 751 3281 porta
777 3212 804 3261 iu
831 3212 874 3261 his
900 3211 1009 3265 duobus

51 3323 58 3344 ‚
77 3274 211 3333 titeremia
228 3290 287 3333 est:
309 3281 387 3331 Falce
406 3282 484 3332 euim
503 3283 620 3345 Calena,
639 3298 711 3350 quoe
731 3280 788 3330 ulio
806 3278 905 3347 quovis
922 3280 1010 3331 facile

9 3349 31 3405 :i
78 3350 198 3401 tursteni
218 3358 324 3417 potest,
344 3350 456 3419 qttaevis
477 3350 533 3404 alia
553 3350 633 3416 vitis,
653 3349 737 3399 etium
761 3350 929 3413 Veientana,
945 3358 1013 3400 ‘tou-

11 3433 44 3481 et¹
81 3410 350 3487 iriposset:,praelo
370 3434 436 3470 vero
454 3420 564 3482 Caleno,
585 3419 659 3487 quod
677 3420 750 3467 inter
772 3415 933 3467 immobilia
952 3433 1012 3467 nut-
1072 3458 1078 3467 .

8 3485 46 3572 ,η
81 3482 289 3605 assumeretur,
309 3503 366 3540 non
383 3486 441 3540 ulia
457 3488 561 3557 poterit
576 3484 674 3558 premi
691 3502 755 3557 uve,
776 3485 833 3541 uisi
851 3500 924 3559 quus
938 3483 1019 3540 csti-

7 3575 47 3624 rep
