2250 3990
99 117 142 181 46
385 131 416 185 Q.
451 100 777 172 nonannoeaocr

99 214 181 269 Idem
198 213 316 265 Metam.
336 212 383 279 IV,
407 209 466 265 860.
520 233 525 249 ·

169 285 270 333 Crescit
286 283 315 331 in
331 280 488 331 immensum
505 278 556 341 (sic
573 276 602 327 dt
617 260 763 345 statuistis)
784 288 811 328 et
822 290 911 329 omne.
996 344 1005 353 .

101 353 221 406 Metam.
242 350 320 415 xlii,
341 365 400 419 597.
423 345 458 399 de
475 345 531 398 diis
548 344 690 415 loquente.

169 418 276 471 Occidit
293 436 311 468 a
327 434 424 483 magite
443 416 495 481 (sic
509 428 559 465 vor
578 414 715 482 voluistis)
734 404 848 466 Achille.

25 490 29 497 ¹
100 488 203 559 Virgil.
223 491 292 539 Aen.
314 488 345 552 V,
365 500 407 552 50.

169 559 275 624 Semper
291 554 451 605 honoratum
468 551 519 614 (sic
537 551 566 603 dt
582 549 717 613 voluistis)
736 544 849 602 habebo.

96 640 99 651 ·
131 642 175 696 35.
205 628 247 676 An
271 625 382 675 Catonis
406 619 505 670 Nobile
529 619 621 688 letum]
659 616 775 670 Tacent'
791 618 842 670 hir
864 614 1061 691 interpretes:

98 698 254 748 minitere
271 690 374 745 mirari
392 688 590 758 plane'suhit,
623 700 680 756 quo
703 685 827 759 conulio
852 688 973 757 Noster,
1002 700 1062 761 poet

97 764 264 829 Romulum,
281 763 421 822 Numam,
441 765 470 817 et
488 757 680 825 Tarquinium
695 755 839 816 Priscum,
858 758 1000 813 continuo
1017 760 1062 811 in·

98 842 177 903 gerat
195 832 336 891 Catonem,
366 828 416 896 qui
433 834 477 877 tot
493 824 612 877 saeculis
631 823 777 893 pastillos
800 832 882 876 natus
905 835 968 893 est3
996 842 1061 891 rua·

97 916 215 969 stentque
239 898 276 950 ad
299 905 407 947 veteres
422 893 499 957 §illos
522 901 696 958 revertatur,
730 892 890 963 Regulum,
926 894 1059 961 scamus,

98 970 243 1035 Paullum,
276 973 384 1016 ceteros
405 978 450 1016 ue.
498 962 631 1015 Profecto
655 976 714 1011 non
731 971 773 1013 sat
792 962 944 1015 commoda
966 964 1072 1017 diuise·

95 1048 161 1092 sunt
178 1034 353 1105 temporibus
371 980 441 1098 tiu,
460 1029 575 1098 Flacce,
595 1030 676 1083 haec.
718 1031 753 1082 ln
779 1028 844 1082 aliis
865 1030 926 1103 illia
950 1048 1059 1085 memo·

94 1107 191 1161 randis
208 1104 346 1155 fastorum
362 1100 423 1151 iere
435 1099 538 1153 seriem
555 1107 666 1150 secutus
683 1110 729 1149 es:
748 1096 895 1167 Catonem,
916 1103 970 1169 qui
989 1118 1057 1171 pau·

95 1194 142 1229 cos
162 1169 228 1225 an‘te
247 1188 336 1223 annos
355 1170 386 1220 in
403 1168 475 1220 vivis
494 1176 555 1220 erat
602 1166 777 1219 alienissimo
797 1168 861 1220 leco
879 1176 909 1220 et
925 1176 1057 1239 tempore

94 1248 171 1298 inter
188 1256 281 1293 cascos
297 1238 365 1290 illos
384 1235 515 1289 intrudis.
557 1204 617 1286 iioc
636 1235 771 1304 primum,
831 1236 867 1289 od
885 1238 994 1289 merito
1012 1252 1055 1289 re·

95 1310 269 1385 prehendass
297 1308 346 1359 sed
370 1315 399 1357 et
421 1305 543 1357 alterum
566 1312 621 1371 est,
650 1303 684 1382 iu
707 1320 764 1373 quo
807 1306 930 1357 esideret
954 1308 1054 1373 poitae

94 1377 286 1453 prudentiam.
320 1376 392 1427 Cum
410 1375 498 1441 enim,
519 1372 595 1442 quod
613 1388 658 1424 res
675 1389 737 1443 ipsa
753 1370 891 1443 loquitur,
910 1371 978 1426 ideo
995 1390 1054 1425 car·

93 1466 160 1503 mon
179 1449 234 1500 hoc
257 1442 415 1515 scripserit,
444 1452 475 1495 ut
499 1443 534 1493 ab
554 1444 678 1508 Augusto
702 1449 731 1493 et
750 1440 811 1494 eius
829 1440 913 1494 domo
930 1442 1052 1512 gratiam

92 1519 211 1577 inirets
264 1532 294 1582 o,
322 1528 437 1581 quaeso,
466 1510 575 1562 iudicio
591 1511 800 1562 atrocissimum
817 1510 1053 1563 caesarianorum

92 1588 199 1640 hostem
230 1591 354 1636 ‚atonem
374 1590 454 1633 tanto
471 1581 521 1631 hic
538 1578 631 1647 elogio
649 1587 783 1631 ornatum
800 1578 911 1632 soluit?
941 1578 1067 1637 Mirum,

93 1673 159 1709 sane
187 1657 218 1704 in
245 1668 303 1703 uno
328 1650 483 1720 eodemque
505 1664 633 1700 carratae
657 1655 686 1699 et
707 1648 817 1700 Iulium
842 1648 996 1701 Caesarem
1016 1646 1050 1699 ad

92 1724 205 1779 caelum
222 1737 309 1790 usque
326 1718 406 1787 tolli,
440 1726 468 1769 et
485 1717 602 1769 Catonis
619 1716 710 1768 letum
727 1725 875 1786 tantopere
891 1714 1051 1769 nobilitari·

92 1794 151 1847 Cur
162 1788 311 1844 enim'leto
326 1789 461 1839 occubuit
477 1787 534 1847 hic,
554 1785 611 1837 nisi
628 1785 713 1855 quod,
733 1785 785 1838 illo
803 1784 942 1855 principe,
963 1786 1049 1839 vitam

91 1864 144 1915 sihi
163 1860 272 1931 putavit
296 1868 388 1910 morte
414 1855 610 1907 acerbiorem?
645 1853 743 1922 Quid?
778 1870 837 1906 non
862 1853 968 1905 Caesar
991 1854 1049 1923 ipso

91 1930 270 1983 Anticatones
288 1924 355 1978 diros
372 1922 499 2003 scripsit,
525 1925 556 1971 in
576 1920 678 1991 quibus
694 1920 802 1974 famam
819 1930 848 1973 et
866 1922 1048 1977 existimatio·

90 2016 156 2051 nem
174 1996 290 2049 Catonis
308 1994 456 2044 acerrimis
474 1988 586 2059 probris
600 1989 755 2042 laceravit?
773 1992 839 2043 Non
854 1992 967 2059 Brutus,
986 2006 1048 2061 per·

90 2083 185 2118 ausser
211 2062 351 2126 Caesaris,
387 2069 416 2111 ot
438 2058 556 2125 Augusti
580 2058 683 2123 hostis,
717 2058 832 2111 Catonis
857 2074 946 2128 gener
969 2058 1047 2112 erati

88 2138 153 2186 Non
181 2132 240 2202 ipse
268 2133 407 2197 Augustus
432 2126 563 2178 adversus
588 2126 726 2178 Catonem
754 2126 896 2180 calamum
923 2130 1045 2195 strinxit,

88 2203 164 2256 lilino
183 2200 231 2250 cui
248 2196 367 2249 titulum
384 2196 491 2247 indidit
515 2196 653 2262 Rescripta
669 2198 750 2245 Bruto
771 2198 803 2247 de
822 2197 940 2249 Colone?
976 2196 1045 2250 Vide
1072 2210 1074 2226 ¹

88 2272 255 2325 Suetonium
280 2270 351 2337 Aug.
378 2263 551 2331 aLxxxu
594 2263 672 2315 Illud
697 2280 810 2334 quoque
833 2262 980 2318 Macrobii
1002 2250 1075 2323 er·'³¹

85 2341 189 2412 paride,
209 2338 320 2388 Snturu.
340 2334 378 2401 lI,
397 2352 423 2399 4.
465 2334 556 2395 Venit,
579 2332 689 2403 inquit,
707 2333 783 2399 forte
801 2336 937 2400 Augustus
952 2337 984 2385 in
1000 2334 1075 2393 dot-J

89 2428 172 2471 uitem,
200 2409 229 2456 in
252 2422 304 2473 qua
323 2404 390 2453 Cato
409 2401 594 2452 habitaverat:
621 2402 684 2451 dein
702 2402 831 2452 Strabone
855 2402 890 2467 (is
907 2400 1043 2457 stiuam
1070 2438 1075 2463 ,

87 2475 184 2530 Seiani
202 2480 295 2544 paterl
320 2474 348 2522 in
373 2471 552 2521 adulationem
577 2470 700 2520 Caesaris
727 2472 796 2520 mole
820 2470 990 2522 existimante
1013 2471 1043 2521 dt
1071 2470 1075 2516 ἑ

86 2546 238 2613 peruicacia
258 2542 382 2603 Catonis,
412 2552 461 2589 etc.
502 2536 587 2589 Vides
609 2538 672 2605 hie,
702 2539 772 2609 qnid
791 2540 907 2590 auribus
925 2536 1043 2609 Augusti
1072 2580 1075 2585 .

86 2626 148 2666 tum
165 2614 232 2663 dare
249 2609 372 2662 solerent
388 2605 494 2660 Arilici.
538 2606 565 2656 Is
591 2607 707 2676 quidem
726 2608 767 2659 ibi
788 2607 946 2677 composito
964 2608 1042 2661 vultu
1073 2620 1075 2669 ξ

85 2684 151 2735 setis
169 2679 326 2731 honorifice
344 2677 379 2727 de
399 2677 515 2739 Catone,
538 2673 675 2742 Quisquis,
692 2676 740 2745 ait,
760 2690 927 2743 praesentem
945 2688 1041 2727 statum
1071 2706 1075 2739 p

85 2752 202 2802 ciuitatis
219 2747 376 2798 commutari
394 2762 447 2794 non
464 2744 550 2803 volet,
580 2756 604 2793 et
626 2745 691 2794 cinis
708 2758 733 2795 et
749 2746 892 2797 virbonus
911 2755 958 2795 est.
994 2742 1042 2797 Ni·
1073 2772 1076 2809 2

85 2820 192 2871 mirum
216 2817 274 2866 iam
295 2821 375 2864 vetus
398 2810 561 2880 imperandi
587 2821 615 2863 et
636 2813 692 2864 sibi
715 2814 770 2865 hoc
793 2814 870 2866 dicto
896 2813 987 2880 eavit,
1014 2819 1041 2863 et
1068 2816 1076 2834 '¹

84 2888 251 2939 Strabonem
268 2883 373 2933 leniter
390 2879 506 2949 repulit.
548 2881 584 2929 ut
609 2880 633 2932 si
651 2882 749 2934 Strabo
775 2883 835 2953 ipse
860 2881 906 2934 vel
922 2882 980 2934 hoc
997 2880 1041 2933 vel
1072 2880 1076 2941 ¹,

84 2954 177 3008 simile
199 2951 267 3023 quid
286 2950 399 3001 Catonis
418 2946 522 3000 honori
540 2946 616 2999 ultro
642 2949 776 3017 dedisset,
804 2952 851 3003 vix
869 2951 958 3003 credo
972 2948 1042 3002 taci-

82 3034 141 3075 tam
159 3020 345 3075 offensionem
361 3018 508 3087 frigusque
528 3016 672 3086 Principis
692 3019 841 3088 effugisset.
887 3019 973 3071 Certe
992 3016 1042 3089 qui
1074 3012 1076 3021 '

82 3092 198 3145 Catonis
215 3089 305 3140 letum
321 3087 398 3138 inter
415 3086 570 3164 praecipue
588 3086 735 3138 Romanae
759 3089 850 3155 gentis
868 3086 972 3140 decore
997 3102 1041 3139 ee·

82 3160 185 3227 lebret,
216 3175 251 3210 eo
271 3157 332 3226 ipso
355 3172 385 3206 se
402 3160 521 3223 Augusti
539 3153 717 3205 dominatum
741 3156 841 3226 inique
864 3156 941 3207 ferre
965 3164 1043 3208 rete·

80 3245 197 3297 remque
216 3222 426 3294 rempublicam
449 3238 598 3292 reposcere
615 3225 773 3291 profitetur.
817 3224 921 3277 Credat
943 3222 1041 3293 itaque

80 3298 130 3367 qui
149 3294 232 3359 volet,
253 3292 360 3345 hecub
378 3294 496 3343 Horatio
515 3291 687 3359 proiectum:
713 3293 787 3344 mihi
805 3292 921 3363 quidem
938 3293 1041 3345 Libra·

78 3367 188 3417 riorum
205 3363 260 3414 linc
280 3361 391 3412 lacinus
408 3377 465 3411 esse
486 3357 669 3412 verisimilius
687 3360 815 3426 videtur,
886 3360 897 3412 i
922 3360 1040 3415 Catonis

77 3444 199 3485 mortem
217 3428 454 3481 declamatoribus
481 3428 551 3479 adeo
569 3426 747 3481 decantatum
766 3430 813 3482 vel
831 3449 847 3483 o
868 3438 944 3485 torto
962 3427 1040 3481 collo

76 3502 133 3556 huc
151 3500 304 3567 traxerint,
331 3498 422 3551 eiecto
442 3495 501 3549 alio
515 3495 647 3566 nomine,
673 3497 750 3568 quod
769 3516 847 3553 nunc
863 3497 1040 3571 investigan-
