2250 3990
75 158 139 240 166
291 154 296 169 ¹
341 190 388 249 ¹u.
423 182 582 235 nonam
618 160 759 235 rancor
797 160 820 215 ’-

145 272 218 325 Auia
237 270 347 327 diuitem
365 286 455 326 menet

180 344 290 395 Herum.
787 345 791 353 ’
906 348 917 391 '·.

76 411 175 482 tuqus,
195 412 241 464 vn
260 413 296 463 οι»
314 424 405 463 unum
421 410 506 465 unm
524 410 619 464 rsus
636 408 744 478 tuum,
766 393 870 481 issu
889 414 937 485 ¹1·ss

74 494 108 539 ut
126 482 258 549 quondam
280 482 371 531 nimiis
396 480 492 531 studiis
508 480 597 546 sunus
620 481 687 533 Divi
712 480 783 531 Iulii
807 484 937 535 turbam

79 551 274 616 Augustum'in
295 550 364 599 Foro
382 550 471 616 potius
488 566 568 617 quom
583 550 613 599 in
631 549 729 615 Campo
748 546 853 603 Martie
869 550 937 605 uis·

78 627 145 669 nuta
164 619 277 667 eremari
292 618 400 669 vellent.
430 616 516 686 ,Quin
541 626 569 669 et
592 614 627 668 ad
644 615 697 675 has
712 626 808 677 partes
824 618 937 675 vomit

76 686 200 752 Servius,
220 686 270 754 qui
290 686 325 737 ad
346 685 453 737 honeid
482 686 529 751 Vi,
553 700 610 753 152·
710 680 725 690 ⁶
895 694 898 699 '

148 754 258 806 Sedibus
274 754 346 805 hane
363 756 436 821 refer
453 767 514 804 ente
533 756 597 819 suis,
617 766 642 805 et
659 756 742 807 conde
758 754 916 824 sepulchro,

80 824 271 892 Sepulchrum,
289 823 345 889 ait,
365 825 440 875 sedes
456 835 576 873 uocatur.
603 822 751 883 Horatius:
778 824 871 879 Nulla
884 824 937 876 emi

79 894 140 943 rnen
165 892 270 957 rapacis
293 894 350 942 orei
374 893 431 943 fine
456 892 591 941 destinata
615 892 680 942 auia
703 893 814 943 divitem
927 890 937 943 Ι

82 962 223 1027 Virgilius,
248 960 320 1027 [VH,
343 959 381 1027 5]
408 963 444 1011 Et
461 976 531 1011 nunc
547 972 638 1009 seruat
655 959 741 1011 honos
757 962 854 1013 sudem
928 996 936 1025 ‚

6 1084 10 1091 ,
79 1047 129 1098 que
146 1046 250 1079 nornen.
287 1028 421 1096 Quamvis
439 1028 517 1078 onim
535 1026 609 1078 illud
621 1026 693 1095 fine,
713 1029 790 1099 qnod
807 1030 856 1083 hio
872 1026 933 1097 legis

77 1097 252 1155 nes'uhiune
270 1095 362 1147 Servii
379 1097 519 1149 editiones
543 1094 708 1167 exhibeant,
738 1114 832 1168 neque
855 1114 924 1155 uuae

80 1165 201 1218 facultas
220 1164 303 1214 detur
320 1165 502 1216 Membranas
526 1164 711 1233 consulendi;
738 1167 804 1218 ‘reri
827 1176 937 1219 tament

66 1242 136 1303 Ιρεῖ,
168 1231 246 1302 quod
271 1241 300 1281 et
323 1232 478 1284 Lambinus
501 1228 609 1302 aliique
632 1242 697 1303 post
720 1232 816 1303 ipsunt
834 1230 937 1287 animati

79 1310 162 1365 runt,
191 1302 251 1350 sede
276 1302 410 1351 destinata
434 1300 544 1353 dedisse
561 1300 630 1352 olim
649 1303 890 1371 Grammaticurn3
916 1316 937 1353 ct

30 1372 35 1377 “
77 1368 303 1422 nominaverint
322 1369 458 1436 adducat,
488 1378 521 1420 ut
546 1368 731 1438 sepulchrum
757 1372 859 1441 probet
881 1368 937 1423 Seu

78 1435 192 1509 pellaei.
236 1440 343 1488 Verum
367 1448 425 1490 osto
450 1438 520 1504 hop,
554 1447 586 1487 ut
610 1438 730 1508 quisque
754 1440 847 1494 volat:
882 1436 937 1491 illut

80 1505 280 1573 omittendum,
299 1505 357 1558 sive
370 1507 441 1574 fine,
459 1504 509 1557 sen
525 1507 588 1557 sede
604 1506 653 1557 hio'
674 1504 792 1579 legeris,
812 1508 937 1579 omniuo..

80 1574 144 1627 iore
160 1573 308 1644 epitheton
326 1578 433 1643 capacis
451 1574 530 1641 Oroi,
551 1592 636 1645 quarn
656 1577 773 1643 rapacis.
894 1576 897 1583 '
924 1586 927 1591 '

350 1672 444 1743 XIX.
507 1695 550 1741 tn
585 1695 775 1751 enccuunr.

113 1778 140 1856 7ss
149 1781 295 1851 'Plenaque
311 1780 420 1839 Bacchi,
427 1794 532 1848 pectore
550 1782 684 1832 turbidum
698 1782 841 1853 Laetetur]
865 1780 937 1837 Vin

79 1851 197 1921 iugenio
218 1852 282 1903 Dan
312 1849 444 1901 Heinsius
458 1844 520 1919 'pro
541 1850 672 1900 Laetatur
694 1851 840 1904 substituit
859 1852 937 1922 [qap

79 1921 167 1991 idque
187 1920 266 1985 adeo,
287 1913 405 1987 quia-ris
426 1931 496 1967 metu
515 1917 546 1968 in
565 1934 647 1977 versu
664 1922 853 1989 praecedente
871 1922 937 1973 iuter

80 1998 138 2056 tur,
151 1988 265 2055 surore,
284 1986 409 2049 insania,
429 1982 625 2052 lymphatione;
643 1986 719 2055 quod
738 1997 767 2039 et
786 1999 852 2043 auto
870 1989 937 2041 illut!

80 2056 259 2120 Torrentius,
279 2060 307 2103 et
324 2061 387 2120 post
403 2053 561 2104 Dacierius.
599 2053 756 2127 Utrumque
773 2074 935 2127 perperam:

80 2131 198 2176 et'metu
216 2120 280 2171 illio
296 2110 498 2189 accipiendum
515 2138 568 2199 pro
592 2124 703 2183 timore‚·
728 2134 756 2177 et
774 2136 854 2179 recte
872 2126 937 2179 heht

81 2205 156 2242 tatur
172 2189 231 2241 sive
251 2188 363 2255 guirdet.
400 2190 462 2240 Hoc
481 2206 558 2240 erum
575 2190 657 2258 fingit
666 2193 809 2260 Horatius,
828 2211 865 2261 se,
885 2210 937 2247 curt

79 2261 113 2311 in
131 2256 234 2313 abditis
252 2256 329 2307 silvis
347 2258 475 2309 carmina
492 2259 632 2313 meditans
650 2270 816 2327 vagaretur,
852 2262 937 2315 incidi

80 2328 226 2380 Bacchum
257 2342 323 2376 cum
351 2326 488 2379 comitutu
517 2328 716 2396 Nympharum
743 2338 772 2382 et
797 2331 937 2400 Satyrorur

80 2397 138 2449 hoo
156 2396 215 2446 viso
232 2411 261 2445 se
282 2402 309 2445 et
333 2395 438 2445 laetitia
461 2404 489 2444 et
519 2411 590 2446 meru
615 2396 748 2449 affectum
776 2415 850 2453 esse:
885 2410 937 2453 eti

81 2464 214 2533 quidem,
248 2471 310 2513 turn
340 2463 407 2532 quia
431 2464 591 2533 propinquo
618 2466 679 2514 eius
703 2467 824 2518 numine
848 2476 935 2521 tactas

80 2542 144 2585 tum
170 2532 236 2602 quia
261 2531 393 2583 etnicnm'
413 2532 480 2583 siui'
495 2534 588 2583 Deum
612 2533 739 2586 vidisset:
776 2536 918 2606 siquidem

30 2614 34 2619 '
80 2611 163 2655 erant
181 2602 232 2653 sub
250 2600 352 2652 Liberi
370 2600 476 2652 tutela:
495 2610 527 2651 ut
545 2602 644 2652 Noster
663 2603 757 2653 Carm.
779 2606 801 2672 i,
823 2621 849 2667 1,

434 2686 475 2719 me
491 2669 612 2736 gelidum
630 2688 722 2720 nemus

148 2737 403 2807 Nympharumque
420 2735 492 2789 leues
510 2756 569 2788 oum
586 2737 692 2809 Satyris
710 2736 786 2789 chori

154 2808 297 2857 Sesernunt
313 2806 430 2872 populo:

84 2874 173 2944 Epist.
194 2876 216 2940 1,
239 2892 277 2942 ¹9·

152 2943 298 3009 Adros-ipsit
316 2940 404 2994 Liber
421 2942 527 3009 Satyris
547 2943 698 3012 Faunisque
714 2946 828 3010 potrus:

84 3012 159 3063 EtE
182 3011 292 3076 .11‚2.
722 3008 725 3013 ’

153 3030 216 3129 hire
235 3078 324 3128 cliens
335 3078 450 3146 Bacchi,
469 3098 561 3130 sornno
578 3081 720 3147 gaudentis
739 3093 764 3130 et
781 3082 893 3134 umbra:

82 3162 154 3199 metu
179 3158 260 3212 vero',
292 3146 359 3215 quia
382 3148 509 3199 mortalis
534 3164 592 3199 non
616 3160 707 3217 potest
724 3166 782 3199 non
802 3146 937 3201 terrerid

81 3214 292 3268 immortalium
315 3224 445 3283 aspectu:
474 3226 507 3266 ut
531 3220 638 3269 Aeneas
662 3219 737 3285 ipse,
768 3218 937 3271 fortissimus

82 3292 142 3336 toto
174 3300 293 3353 corporo
321 3283 481 3349 cohorruit,
511 3301 577 3335 cnm
602 3284 652 3334 Dii
676 3286 794 3338 Penates
820 3288 878 3341 sibi
893 3286 926 3341 iu

83 3353 286 3423 apparuissent,
307 3350 407 3419 virgil.
427 3355 496 3406 Aen.
515 3352 567 3419 ΙΙΙ,
591 3366 647 3422 175.

157 3421 267 3471 Talibus
285 3419 421 3471 attonitus
440 3420 513 3485 risis,
535 3439 566 3471 ae
586 3439 648 3470 rroce
667 3422 783 3475 deorum.

155 3489 222 3539 Turn
240 3488 346 3555 gelidus
364 3501 417 3538 toto
436 3490 555 3538 rnaneuit
573 3506 679 3553 corpore
699 3492 787 3543 sudor.

84 3566 115 3612 et
131 3567 228 3630 postea
245 3557 303 3610 viso
323 3556 477 3626 Mercurio,
497 3560 566 3613 heu.
587 3558 635 3627 lv,
655 3576 714 3631 279.
