2250 3990
189 214 392 319 crimmum
428 274 500 319 ms.
534 256 578 321 Π,
814 236 882 333 145.

47 357 81 409 'es
97 358 218 409 Eurotae
238 360 406 426 progignunt
418 361 543 426 flumina
560 367 698 429 myrtust'

49 444 94 479 res
111 426 229 479 codioes
248 436 276 477 et
297 428 443 493 editiones,
464 445 524 479 non
543 442 651 497 myrtos.

48 506 96 545 reo
106 495 235 561 fervidos
250 492 383 545 Excludet
400 496 479 562 ictus]
503 496 564 547 lem
581 495 651 548 olim
668 497 781 549 monuit
790 497 876 551 Lam·
894 522 899 537 ¹

48 562 165 615 mullos
184 562 305 621 Codices
322 563 428 615 habere
437 564 566 630 fervidos
583 579 671 615 aestus
677 584 689 625 ,·
705 566 811 617 caeleri
829 568 880 619 in-·

61 640 167 685 tacent.
204 632 291 701 Atqui
316 642 344 682 et
369 632 443 701 ipsos
463 649 522 683 uon
547 632 632 683 aliter
648 632 679 683 in
704 634 874 703 quibusdem

48 741 57 767 ,
79 701 151 751 lice-t
167 698 200 750 id
218 698 416 767 dissimulent,
437 701 505 751 inde
522 700 657 767 colligam
698 704 753 760 uod
773 720 805 753 ex
822 722 874 755 no·

47 786 64 821 a
82 785 156 838 pars,
178 766 410 820 Zulichemiauus
429 766 489 819 scil.
511 767 662 834 Petrensis,
711 769 776 837 alei,
798 771 874 825 Bod-

47 845 66 887 st
84 853 139 906 pro
165 835 246 887 veris
269 835 395 889 lectione
413 838 583 905 Reginensis
610 836 687 889 clere
709 840 875 907 repraesen-

47 923 88 955 us.
124 905 226 957 Noster
243 903 315 955 alibi
332 902 422 957 Serui.
442 906 511 971 1„2.
641 968 643 973 ,
713 922 716 927 ·
810 912 814 919 “
874 910 878 917 “

196 990 256 1021 cum
273 985 298 1021 te
316 991 335 1022 η
369 992 400 1023 ue
417 972 545 1025 fervidus
563 981 656 1025 aestus
708 980 711 987 '

47 1052 120 1091 ’veut
139 1040 225 1105 lucro,
245 992 443 1110 nequaliems,
461 1043 543 1110 ig'r'u's,
563 1058 645 1109 marr,
657 1040 776 1109 ferrum.

47 1152 49 1167 .
75 1126 86 1159 1
107 1145 115 1160 ο
200 1130 212 1151 ·

47 1179 77 1227 in
88 1126 204 1225 7reducta
221 1176 293 1229 valle
312 1177 460 1233 Caniculae

47 1245 86 1295 iis
102 1253 203 1296 aestus.

47 1330 58 1381 l
254 1381 280 1431 si
295 1400 379 1452 neque
395 1380 517 1437 fervidis

66 1446 173 1499 incluso
189 1448 334 1504 caloribus

47 1518 121 1567 rodi.

47 1586 137 1653 ieorg.
158 1585 204 1651 IV,
225 1600 286 1653 401.

60 1672 110 1721 ego
132 1666 166 1717 te,
185 1656 285 1703 rnedios
305 1671 365 1702 oum
382 1652 424 1703 sol
442 1652 594 1705 accenderit
604 1660 709 1706 destris.

47 1721 177 1773 ‚mnenda
192 1720 289 1791 itaque
308 1721 380 1791 haec
398 1721 485 1773 lectio
506 1730 554 1787 est,
569 1723 694 1788 fervidos
712 1731 817 1775 aestus:
834 1718 876 1771 sl·

48 1789 199 1843 menium
216 1790 321 1841 merito
340 1788 367 1839 ei
388 1787 575 1857 praetuleris,
606 1807 691 1858 quam
714 1796 743 1839 et
764 1790 876 1856 primae
951 1834 954 1839 .

47 1877 51 1909 ι
68 1867 97 1909 et
115 1858 211 1926 plures
229 1859 412 1926 potioresque
430 1859 615 1913 membranae
635 1856 814 1925 confirment,

47 1944 88 1977 ἰα
97 1927 224 1995 fervidos
241 1926 376 1977 Excludet
394 1925 478 1977 ictus.

47 1997 136 2046 [etum.
159 1994 206 2059 VI,
226 2011 269 2062 49.

47 2081 113 2113 »reue
132 2075 192 2128 post
212 2076 315 2130 tempus
333 2063 492 2113 condiscere
510 2059 578 2113 solis
597 2059 630 2110 ol
648 2058 717 2111 ictu.

47 2141 88 2183 ter
105 2130 311 2199 interpolatum
329 2138 390 2181 erat
408 2129 583 2197 eLibrariis,
599 2128 652 2198 qui
670 2124 723 2199 pio
740 2129 796 2179 ictu
813 2126 877 2181 sub·

47 2210 66 2251 rt
91 2213 157 2248 ortu.
194 2200 273 2250 Idem
291 2200 409 2250 Metam.
434 2202 466 2267 V,
488 2210 546 2267 289.

47 2288 56 2318 2
74 2282 184 2317 coronat
203 2286 294 2335 aquas,
314 2271 425 2334 cingens
445 2268 517 2317 lotus
536 2284 630 2325 omne;
650 2267 755 2334 suisque

47 2336 142 2398 idibus,
163 2350 192 2385 ut
212 2337 280 2399 velo,
300 2335 436 2387 Phoebeos
452 2337 590 2385 submovet
603 2334 689 2384 ictus.

47 2423 105 2469 ,rues
122 2405 309 2471 ingesserunt.
348 2406 394 2455 Sic
414 2404 568 2454 Lucretius
586 2420 645 2454 uon
665 2396 768 2465 semel,
789 2400 879 2449 radio-

48 2485 120 2539 cgeut
138 2476 234 2535 ictum,
269 2472 427 2522 Verberihus
445 2473 597 2535 radiorum,
626 2471 783 2534 Gignuntur
801 2468 880 2516 lumi-

62 2542 208 2590 Ardorilurs
227 2543 303 2604 ictus,
326 2541 396 2591 Solis
414 2558 494 2606 super
513 2542 566 2588 icta
585 2539 683 2588 calore.
719 2537 761 2585 Itu
782 2544 810 2584 et
829 2536 880 2585 elii

59 2609 109 2661 sed
129 2608 194 2658 vide
212 2608 259 2658 hic
278 2609 468 2674 Lambinum,
500 2617 527 2657 et
549 2607 584 2659 od
603 2604 687 2657 Ovid.
708 2605 825 2653 Metam.
845 2605 878 2669 V,

48 2676 246 2728 uratissimum
265 2678 424 2728 Heinsium.
470 2675 614 2726 Audaoior
638 2683 736 2723 temen
763 2671 882 2721 caeteris

47 2768 65 2805 ;;
93 2744 139 2796 illi
164 2746 241 2796 enim
266 2745 464 2814 metaphoram
487 2749 728 2812 temperaverunt·
741 2738 881 2790 vocabulo

57 2815 124 2863 lctus
143 2814 217 2875 solis,
238 2815 306 2863 ictus
326 2813 441 2876 Phoebi,
461 2814 530 2861 ictus
548 2813 658 2860 luminis
664 2827 675 2869 ,·
692 2809 791 2859 Noster
810 2809 881 2873 sigu-

47 2882 160 2932 teruidos
178 2884 262 2945 ictus,
282 2882 363 2934 nulla
382 2882 447 2932 solis
466 2879 618 2931 mentione
631 2878 724 2930 luctu:
742 2891 813 2945 quae
831 2874 882 2927 ui·

47 2951 97 3003 rica
115 2968 206 3019 paene
224 2950 344 3003 audacia
360 2958 410 3002 est.

168 3048 259 3116 XVI.
322 3070 374 3117 ru
410 3067 632 3117 ouosruuu.

73 3157 177 3224 potenti
201 3156 323 3206 Preusus
352 3155 467 3222 Aegaeo]
515 3153 649 3207 Bartbius
675 3153 705 3203 in
735 3152 884 3205 Adverssr.

77 3238 116 3291 14.
147 3225 335 3276 veterrimum
360 3225 503 3294 quendum
529 3223 659 3275 codicem
683 3222 760 3272 clare
780 3222 820 3271 ait
838 3222 888 3271 lur-

49 3296 185 3360 nparenri;
225 3293 278 3344 hoc
303 3304 331 3343 et
355 3302 451 3362 postea
476 3292 507 3341 in
532 3292 777 3360 Argentoratensis
800 3288 888 3340 etism

51 3380 117 3412 ecoe
137 3360 213 3410 libro
230 3378 259 3412 se
276 3362 423 3430 reperisse.
469 3359 546 3428 Quid
563 3368 658 3411 eutem
675 3359 728 3408 sibi
748 3357 818 3409 velit
838 3360 889 3407 im-

64 3448 100 3482 ne
123 3447 158 3479 ue
178 3428 229 3480 ille
247 3446 297 3481 uos
315 3431 412 3494 docet,
439 3445 532 3496 neque
550 3428 640 3493 alius,
666 3428 785 3495 opinor,
813 3424 890 3492 quis·

50 3449 191 3565 ntelligat.
248 3497 428 3548 Crediderim
458 3495 645 3567 Typogruphl
669 3503 796 3545 erratum
821 3508 888 3557 esse,

47 3567 168 3618 rendum
194 3566 235 3618 ibi
261 3568 415 3686 implorem&
442 3582 515 3687 ‹pluse
539 3580 607 3619 sone
631 3562 790 3615 tolerabilis
816 3561 892 3620 foret

57 3635 105 3691 sio
125 3635 204 3691 enim
221 3634 295 3695 Catu
322 3651 352 3690 us
369 3635 405 3688 de
423 3635 444 3686 P
468 3632 551 3704 arelo,
699 3706 752 3782 m
