2250 3990
133 150 198 213 320
416 164 447 217 o.
484 162 643 205 nonanti
680 155 810 212 nuncet

126 247 233 316 suerin
259 245 317 297 'sie
343 242 422 295 enim
447 242 608 312 pusaim'ea
628 258 687 295 vox
712 241 884 296 neutraliter
909 251 941 297 et
966 244 1078 301 absolute

133 322 294 383 usurpatur.
329 311 468 381 Virgilius
485 312 588 380 Georg.
610 312 660 378 tlt,
679 314 739 379 565.

201 385 237 432 Et
254 396 325 432 totae
341 382 456 431 solidum
474 382 504 429 in
522 380 639 446 glaciem
656 390 765 431 uertere
786 378 910 447 lacunae.

133 452 285 505 Suetonius
311 453 382 517 Aug.
411 464 437 498 u.
461 457 525 513 23st
551 450 580 497 Si
606 448 755 515 respublica
778 450 808 496 in
832 450 974 500 meliorem
997 460 1079 501 stetin

133 520 283 572 venissen·
305 519 421 568 Tacitus
442 516 542 567 tlunul.
561 517 607 581 Vl,
626 518 668 581 46.
703 514 749 565 Ne
766 519 897 567 inemoriu
917 519 1039 583 Augusti,
1055 535 1080 571 tt

132 606 230 639 nornen
249 586 395 636 Caesarum
410 587 439 634 t'n
456 585 599 634 ludibrium
616 597 642 634 et
660 583 836 635 contumelias
851 592 1011 649 verterent.
1036 583 1080 638 lli·

133 658 201 708 dem
217 656 272 720 xl,
291 672 348 725 57..
380 656 509 705 Verterat
532 654 716 718 pernicies'in
739 664 932 705 accusatorem.
965 654 1081 707 'Exortus

115 733 229 778 -unten
247 732 302 788 est,
322 722 373 791 qtti
390 720 541 772 'l'orrentio
558 722 687 786 siguciur
703 711 822 789 negiret
838 738 920 791 posse
937 722 1015 791 dici,
1027 741 1032 750 ·
1042 722 1081 774 Ct-

132 794 176 844 lor
194 796 302 857 (roseus
313 790 462 857 genarum)
481 791 569 851 uertit,
586 792 646 840 sive
664 803 757 841 versus
775 796 824 853 est,
844 790 993 857 infaciem
1011 788 1080 857 tint

132 863 203 925 darn,
222 860 279 911 aive
296 858 414 908 liarliam
430 856 576 907 hirsutam.
610 857 721 907 Mirum
737 872 804 909 sane
820 856 989 911 fastidium:
1014 860 1080 911 cuitt

131 932 245 980 utinam
262 926 405 977 rationem
423 923 549 993 aliquam
565 924 740 977 reddidisset.
782 924 865 977 Itlem
886 942 957 979 vero
979 926 1081 998 elegat·

131 1007 176 1048 ter
194 995 377 1058 disimilis,
411 993 492 1043 Color
518 1006 635 1044 nstitutus
657 992 819 1059 ligurinum
838 996 922 1045 uertit
943 996 977 1045 iu
987 994 1081 1064 sacius

132 1065 275 1131 hispidam.
326 1058 409 1111 Haud
433 1060 494 1111 vidi
520 1062 610 1129 magis
635 1060 731 1130 disper
758 1061 814 1112 sibi
842 1060 984 1133 palatum.
1034 1060 1080 1133 Qui

117 1133 218 1186 ¹modo
235 1139 294 1181 tant
310 1128 526 1180 nauseabundus
545 1138 620 1197 erat,
650 1144 728 1179 nunc
744 1128 856 1183 ferrum
874 1130 972 1201 ipsum
991 1130 1080 1183 autn‘·

117 1202 202 1270 aquid
217 1216 251 1250 eo
270 1198 368 1248 deuius
385 1205 474 1264 potest
491 1212 678 1266 concoquere.
715 1195 804 1260 Color,
821 1200 853 1247 in
875 1198 929 1265 uit,
947 1202 1028 1251 uertit
1041 1198 1081 1250 Li·

130 1216 1079 1405 {titiliu-‘sustititintumuistislu

393 1373 401 1399 ,
605 1375 612 1387 .

134 1402 257 1455 Catulli:
608 1418 611 1423 '
714 1418 717 1423 '
750 1413 753 1419 '
887 1444 891 1455 .

120 1496 125 1506 =
202 1471 281 1536 Quod
298 1482 327 1521 tu
346 1488 406 1521 eum
422 1470 548 1537 alfaeus,-
565 1471 639 1521 Deos
655 1471 771 1539 rogabis,

206 1539 303 1589 Totum
316 1552 341 1589 te
352 1539 471 1607 fuciunt,
493 1540 615 1604 Fabulle,
632 1557 734 1591 nasum.

163 1610 190 1664 6.
212 1608 250 1659 'Fe
264 1607 383 1674 speculo]
419 1610 462 1659 ltu
480 1610 586 1659 Veneta
603 1608 734 1677 antiqua:
759 1608 1076 1667 Germanica·Loseleel

129 1692 156 1730 ce
173 1679 203 1727 in
219 1677 345 1744 speculo:
372 1686 400 1727 et
422 1677 558 1728 similiter
575 1676 686 1728 codices
703 1676 760 1729 duo
773 1677 941 1747 Blandinii,
955 1682 1077 1733 'Lutu-

129 1748 182 1865 sisi
201 1745 383 1865 Resfinensis,
412 1744 517 1803 etalii.
552 1746 665 1813 Placet,
691 1744 738 1796 vel
754 1755 875 1817 propter
889 1750 970 1803 illud
987 1746 1075 1818 virgil·

129 1816 225 1867 Ecs.
278 1851 284 1865 .
395 1838 397 1844 ·
732 1845 735 1851 ·
952 1860 959 1877 ,,

197 1831 258 1933 igVec
276 1899 335 1932 sum
355 1882 420 1931 aclea
438 1879 576 1947 informis:
592 1898 675 1949 nuper
692 1898 732 1931 me
748 1880 781 1932 iu
800 1882 892 1943 littore
908 1884 978 1939 vidi.
1058 1905 1061 1911 ·

287 1993 291 1999 '
377 1979 436 2046 Xl·
490 2000 542 2044 nn
571 2000 809 2047 Pitumnum.

162 2107 188 2156 9.
215 2088 317 2137 Cuncta
333 2086 451 2151 festinat
475 2077 579 2151 mutius]
618 2088 877 2143 Praestantissimus
904 2091 971 2143 Nic.
998 2091 1075 2144 Heiu-

127 2157 184 2208 sius
201 2158 231 2205 in
250 2153 418 2221 enentpluris
438 2154 479 2203 sui
501 2154 638 2221 margine,
656 2155 745 2220 Malo,
764 2156 868 2227 iuquit,
891 2158 1042 2213 Festinant:

197 2225 299 2273 Cuncta
316 2223 452 2272 festinant
470 2239 571 2270 suanus.
722 2248 726 2255 ·

126 2292 200 2343 Sane
219 2300 325 2342 amavit
341 2288 426 2340 illusit
443 2289 580 2357 loquendi
597 2306 708 2341 morem
725 2292 872 2360 Heinsius,
902 2304 932 2346 et
951 2311 1076 2374 (pineum⁴

127 2376 183 2428 que
201 2360 266 2410 datu
291 2358 438 2411 occasione
457 2360 497 2407 sie
523 2360 554 2408 in
579 2360 750 2412 editionibus
772 2362 829 2413 suia
853 2374 992 2433 seposuit.
1031 2364 1073 2417 si·

128 2429 160 2478 in
179 2428 263 2480 Ovis.
282 2427 352 2483 cast.
371 2428 415 2492 IV,
438 2440 495 2493 ¹⁰4·

197 2498 325 2562 Deposita
343 2508 434 2544 tannes
450 2496 569 2561 sequitur
579 2494 692 2560 scritate
710 2498 859 2561 iuvencum,

133 2591 136 2598 ·
231 2565 317 2632 Quem
335 2565 383 2613 toti
401 2563 495 2626 saltus,
513 2580 589 2630 quem
605 2580 697 2614 nemus
716 2581 791 2615 omne
810 2574 970 2621 tremunt..

127 2641 156 2685 et
172 2632 280 2685 ibidem
300 2651 326 2682 v.
347 2632 403 2698 156.

195 2701 359 2767 Supplicihus
377 2699 464 2750 verbis
481 2699 559 2750 illam
576 2702 699 2767 placate:
719 2702 767 2751 sut
784 2703 837 2752 illa

228 2772 265 2817 Et
276 2770 379 2833 sortito,
398 2780 423 2816 et
441 2785 537 2831 mores,
553 2781 578 2818 ct
596 2769 665 2818 bonu
675 2769 757 2833 ¹fuum
773 2779 901 2824 manent.

125 2834 167 2888 Ita
185 2852 218 2886 ex
234 2838 319 2887 unico
339 2834 438 2888 codice
455 2837 588 2889 vossiano
605 2837 711 2895 edidits
740 2854 807 2889 cum
824 2849 960 2909 centum,
986 2842 1073 2909 cretio,

125 2903 176 2954 alii
195 2904 377 2957 exhibuerint
394 2906 496 2967 tremit,
518 2918 615 2955 mutiet.
650 2906 696 2956 Sic
713 2905 816 2973 passim
840 2916 868 2958 et
894 2910 1002 2976 ubique
1019 2910 1076 2981 plu·

123 2971 199 3023 sales
216 2989 349 3023 numeros
368 2971 539 3039 introduxit,
568 2989 683 3042 prorsus
707 2982 806 3027 contre
822 2992 935 3029 morem
955 2976 1076 3031 Horatia·
1119 2978 1121 3022 !

123 3056 203 3104 ntem,
224 3049 256 3089 ut
271 3040 332 3091 lunc
350 3040 522 3091 ostendimus
539 3040 571 3090 in
589 3041 669 3091 Notis
686 3041 722 3091 ad
739 3041 833 3094 Carm.
853 3044 882 3109 Ι,
905 3060 946 3110 24.
984 3048 1075 3113 Neque

122 3108 274 3160 nteliusei
291 3110 426 3160 successit
442 3108 513 3161 haec
525 3108 622 3161 Flacci
637 3108 811 3165 emendatius
829 3113 921 3183 prebe
934 3115 1018 3169 enim
1032 3129 1075 3167 cs·
1097 3135 1100 3141 ·

124 3176 222 3226 tlicuni
240 3173 326 3227 lectio
345 3186 393 3243 est,

191 3245 294 3293 Cuncta
311 3244 425 3296 festinat
446 3264 547 3297 naeuus.

123 3319 157 3361 ut
174 3311 269 3362 Curm.
292 3312 343 3375 itt,
363 3313 387 3364 6.

191 3382 252 3427 lum
269 3380 309 3429 his
325 3381 449 3431 itlmteses
470 3396 494 3432 et
513 3384 609 3432 Pacori
625 3397 725 3436 manus

191 3446 257 3496 Non
274 3450 422 3513 suspicatos
439 3451 568 3504 contudit
584 3450 694 3518 impetus
701 3469 711 3497 -t

121 3524 151 3567 et
167 3514 257 3568 Serm.
276 3517 297 3582 l,
316 3532 342 3585 4.
360 3536 385 3570 v.
406 3534 462 3584 141.
