2250 3990
23 187 27 196 .
73 148 139 219 594
358 164 391 221 q,
431 158 595 203 ιιοιιιιιι
633 156 766 203 roseos

76 231 234 323 personent
246 229 381 309 sustinet,
408 242 469 295 iem
485 244 630 295 sententias
647 244 722 307 loqui
726 259 738 304 ,·
763 236 938 313 praesertin
953 236 1020 295 Ιιιιι

78 335 152 391 quae
170 325 283 369 tentum
301 315 379 365 abest
398 322 431 365 ut
449 315 482 364 in
498 313 664 364 universum
683 326 752 363 rere
772 310 907 375 dicetur,
936 317 970 360 ut
990 311 1020 380 pt·

78 400 203 456 rumque
220 382 293 434 falsa
310 382 354 433 sit.
374 383 450 433 Raro
467 381 545 442 enim
563 380 740 449 prudentibus
756 396 810 430 usn
824 378 915 445 venit,
936 388 1020 449 ntget

80 456 131 509 dis
146 452 231 507 vultu
249 452 354 511 eclam
371 466 454 520 saepe
474 460 581 513 contra,
604 456 751 519 suspecte
770 446 919 514 profiteri?
936 462 1020 517 saepit

80 534 116 575 ut
131 522 260 573 simulare
277 518 414 573 debeant:
434 526 531 587 utpote
549 517 652 587 quibus
671 516 757 585 plura
773 516 912 568 secundis
929 516 1020 569 otiien

75 591 195 647 -solesnt
222 588 400 656 contingere.
443 591 551 639 Aeneas
578 586 675 655 itaque
701 584 758 639 riri
782 584 927 653 prudentis
949 585 1020 639 offici

83 659 225 729 iungitur,
246 671 314 707 cum
644 655 647 661 '
820 689 824 696 -
949 680 963 691 ··

154 730 231 795 Spem
247 724 331 777 vultu
346 722 471 789 simulat,
488 724 585 791 premit
605 723 691 774 altum
712 721 791 773 corde
808 718 940 773 dolorem.
972 734 975 739 ·

84 796 164 865 Quid
181 792 294 846 multa?
320 807 413 862 neque
435 792 506 843 haec
524 791 633 843 Berthii
658 791 760 857 lectio,
790 806 888 858 neque
910 786 961 841 illa
982 788 1020 843 vti

107 873 153 917 ato
168 862 277 933 placet:
295 860 368 913 elios
384 858 474 912 libros
490 860 642 925 excutiant,
664 861 766 928 quibus
784 861 870 927 copia
885 866 930 923 est,
948 866 978 910 et
995 873 1020 928 qt

85 880 124 985 ie
141 932 260 985 Horatio
277 929 349 981 bene
366 930 472 980 mereri
488 927 611 981 student.
627 940 630 945 ·
646 926 814 997 Simplicius
839 927 969 997 quidem,
996 938 1020 979 ιι

86 1000 194 1067 iudice,
214 997 376 1076 clariusque
392 997 433 1047 sic
450 997 575 1049 scribere
594 996 737 1064 potuisset,
990 1058 994 1063 Ι

157 1070 259 1133 Sparge
274 1065 402 1119 subinde:
420 1076 446 1114 et
463 1067 505 1117 sio
523 1065 645 1131 paullum
661 1059 736 1132 pot'es
753 1064 928 1130 illacrlmnre,
945 1067 976 1115 et
1018 1065 1020 1071 ’

156 1136 265 1187 Gaudia
280 1132 438 1205 prudenter
455 1132 537 1186 vultu
555 1134 652 1183 celare.
891 1166 896 1173 -

124 1203 184 1258 ιοΰ.
213 1202 304 1254 Funus
324 1202 444 1267 Egregie
460 1203 569 1268 foetum
595 1202 686 1251 landet
710 1201 825 1268 vicinia]
871 1200 915 1253 Ita
939 1212 1020 1253 οιιιιιι

88 1289 160 1343 quos
177 1269 323 1337 noverim,
350 1270 476 1323 codices:
503 1270 552 1321 sed
569 1270 633 1321 Nic.
653 1269 787 1321 Heinsius
805 1272 835 1319 in
854 1270 1020 1337 margines

89 1341 176 1408 libri,
196 1339 286 1405 Lege,
307 1336 362 1402 sit,
382 1339 500 1389 initient.
535 1338 645 1405 Nempe
666 1338 734 1406 quie
758 1340 857 1388 uicinia
877 1348 920 1389 est
943 1355 1020 1391 nome

89 1408 292 1470 collectivum,
323 1400 391 1458 idio
416 1423 537 1475 numero
560 1405 700 1473 singulari
718 1404 1020 1475 verbum'plureleeu‘

88 1477 174 1546 iungi
201 1474 304 1528 voluit.
356 1476 474 1528 Amavit
499 1490 570 1525 sane
593 1476 638 1526 vir
664 1478 791 1539 summus
816 1473 893 1527 hane
919 1476 1020 1542 figuret

88 1562 178 1617 quem
200 1541 354 1614 Synthesin
375 1543 422 1596 vel
448 1543 591 1614 Syllepsin
614 1552 730 1603 voceutt
759 1558 881 1611 eamque
906 1543 969 1595 iere
990 1552 1020 1595 or

86 1615 176 1667 nibus
196 1613 227 1665 in
245 1610 318 1664 locis
337 1614 481 1678 inculcat,
507 1628 561 1682 qua
580 1612 659 1676 iure,
682 1628 738 1680 qua
758 1611 877 1662 iniuria.
913 1606 984 1663 Vide
1003 1610 1020 1681 il

90 1700 156 1737 eum
174 1682 209 1735 erl
227 1679 326 1733 Ovidii
343 1681 414 1734 Fiet.
436 1682 493 1745 ΙΙΙ,
521 1676 578 1748 lsi).
619 1678 814 1748 Metamorph.
833 1680 876 1745 ll,
901 1681 961 1742 affl.
993 1678 1020 1731 ll

90 1752 169 1804 med.
187 1752 281 1802 Amor.
302 1748 360 1814 164·
404 1756 440 1803 At
466 1749 568 1801 Noster
590 1748 767 1816 singularem
792 1762 949 1801 numerum
968 1762 1020 1819 pre

71 1860 74 1866 .
91 1819 169 1886 tulit,
190 1826 249 1869 tam
266 1816 326 1883 hie,
343 1833 429 1887 quem
446 1816 532 1869 stibi:
550 1816 638 1886 Epist.
656 1818 679 1883 Ι,
700 1830 741 1887 17.
760 1832 786 1866 v.
805 1816 849 1869 62.

163 1885 269 1953 Quaere
279 1888 466 1952 peregrinum,
483 1886 585 1937 uicinia
601 1902 685 1936 rauca
700 1883 849 1938 reclamat.
933 1900 937 1910 ·

91 1964 122 2009 et
138 1955 226 2023 Epist.
246 1955 268 2019 Ι,
292 1954 439 2021 16.r.44.
612 1964 622 1975 ·
654 2006 662 2025 s

108 2030 111 2037 ⁴
163 2023 214 2074 Set
231 2021 308 2073 videt
324 2020 396 2072 hunc
413 2024 499 2072 omnis
515 2022 609 2072 domus
626 2035 651 2072 et
664 2023 766 2073 vicinia
782 2034 849 2074 toto.

91 2090 145 2142 ubi
164 2107 223 2140 non
241 2090 354 2140 codices
370 2099 490 2156 tautum,
509 2091 559 2142 sed
576 2099 605 2141 et
621 2091 708 2142 metri
723 2090 799 2142 ratio
816 2088 973 2144 lectionem
987 2104 1020 2143 ee

16 2202 19 2207 .
92 2157 248 2212 eumfacit.
283 2157 395 2208 Persius
414 2160 460 2223 ΙΙΙ,
480 2174 522 2223 45.

312 2228 448 2292 egregium
467 2243 525 2274 cnm
544 2242 585 2275 me
600 2228 704 2276 vicinio
720 2225 807 2277 dicat.

94 2294 137 2347 Ite
155 2301 268 2364 praeter
287 2293 377 2345 editos
400 2294 507 2344 hahent
531 2294 588 2345 tria
611 2296 730 2363 scripte,
764 2293 869 2363 quibus
889 2313 954 2349 usus
975 2312 1020 2349 sur

95 2362 278 2433 exemplaria.
324 2363 404 2414 lrlem
424 2363 556 2414 Heinsius
575 2372 637 2431 post
655 2365 724 2415 duos
742 2365 951 2432 nominativos,
979 2381 1020 2432 qui

93 2450 161 2485 rum
179 2433 299 2510 propior
314 2440 356 2482 est
370 2431 539 2498 singularis,
564 2433 684 2483 verbum
701 2442 796 2485 tamen
816 2433 927 2499 plurale
945 2432 1020 2503 ubiqt

94 2504 218 2571 ingerit,
247 2508 349 2552 contra
366 2499 494 2566 plurium
518 2510 547 2551 et
563 2500 718 2552 meliorum
735 2502 871 2555 codicum
887 2502 983 2569 fidem5
1012 2516 1020 2550 ι

95 2571 167 2624 Fast.
185 2571 231 2637 IV,
253 2585 310 2634 104.
329 2577 357 2619 et
377 2570 433 2631 156.

165 2637 250 2704 Quem
268 2639 318 2688 totr¹
335 2638 428 2697 saltus,
448 2654 523 2704 quiem
540 2654 632 2688 nemus
650 2655 726 2688 omne
742 2645 881 2691 tremunt.
965 2686 975 2695 .

164 2708 200 2755 Et
210 2707 314 2772 forma,
334 2720 359 2756 et
375 2723 468 2769 errores,
487 2719 512 2755 et
529 2707 598 2756 lona
608 2707 691 2774 forno
708 2705 834 2758 monent.

94 2773 143 2824 Sic
160 2774 212 2824 ille
230 2791 264 2825 ex
281 2775 368 2826 unico
388 2774 466 2825 dedit
491 2775 605 2842 codice,
634 2792 725 2845 eoque
747 2793 806 2827 non
832 2774 903 2827 adeo
925 2780 1020 2826 vetusto

95 2857 162 2891 curn
180 2843 269 2893 ceteri
286 2860 391 2908 magno
409 2860 528 2894 numero
545 2846 634 2894 tremit
651 2854 680 2895 et
699 2858 787 2894 munet
806 2844 940 2907 habeant,
959 2842 1020 2909 idqn

93 2910 167 3031 pisis
184 2910 302 3026 {turim
318 2912 434 2981 gratius.
470 2911 553 2965 Certe
570 2912 657 2965 aliter
672 2912 705 2964 in
723 2912 846 2982 Virgilio
865 2928 914 2966 suo
930 2907 1020 2979 reperii

120 2994 165 3027 en.
292 3017 298 3028 .

162 2990 380 3111 Tuiaiiiifauor
397 3049 556 3116 Euryalum,
574 3050 752 3117 lacrimaeque
772 3050 892 3101 decorae.

93 3110 226 3163 Horatius
252 3130 319 3166 vero
346 3132 484 3185 nusquam
509 3119 618 3188 plurali
644 3135 709 3171 usus
735 3127 776 3170 est
802 3120 833 3169 in
858 3112 942 3170 simili
960 3110 1020 3161 locu·

92 3180 262 3309 {eximiii
274 3200 386 3255 semper
403 3187 557 3257 singulari,
585 3197 618 3240 ut
637 3187 724 3241 docui
740 3187 778 3241 ad
794 3188 890 3241 Germ·
907 3185 934 3254 l,
954 3196 989 3247 ²4·
1002 3190 1020 3229 ¹·

364 3375 640 3424 sccoon
712 3355 783 3424 Vl.

114 3472 151 3535 ¹n.
168 3456 252 3509 Nihil
269 3460 383 3525 amplius
400 3462 457 3528 oro]
497 3464 595 3516 Scribe
619 3482 653 3515 ex
672 3463 736 3535 plns
756 3464 856 3517 decem
880 3457 1017 3517 ιιοιιιίιθθ·

90 3522 211 3596 ilicibus,
229 3526 274 3581 nil
292 3531 407 3597 nrnplius
425 3550 490 3582 nro:
508 3534 595 3587 etsie
612 3535 739 3605 quinque
756 3533 916 3587 Puluuuui.
