2250 3990
329 184 531 235 cremnon
566 187 639 237 nin.
670 166 699 255 Ι.Ι
957 182 1001 251 31

43 277 104 329 uod
121 283 166 329 eet
189 272 310 327 terbum
335 275 371 327 de
394 276 498 342 verbo,
532 274 702 341 Praepenere
724 293 853 329 caronam
878 280 1000 348 capillis.

43 342 146 417 ieppbo
162 362 179 397 e
199 342 239 397 ud
256 344 436 397 Athenaeum
452 344 504 395 lib.
523 344 580 410 mi,
623 380 632 399 .
652 345 715 413 ⁶th

91 410 137 468 Σῦ
156 362 375 479 δῖστεφάνους,
395 405 493 478 diona,
512 358 655 479 nopbddb'
673 408 787 480 ἐραταῖς
805 414 926 485 pedatae

96 482 139 533 Tu
155 498 221 532 ocra
238 498 352 533 coronat
371 496 516 550 praepone
536 480 700 531 amabilibus
719 487 809 535 comis.

43 560 118 623 „tqtre
134 548 276 603 hactenus
295 549 331 601 de
348 558 443 602 vetere
453 548 601 601 Lectione.
638 549 791 609 Videamus
810 567 907 621 porro,
927 554 999 622 quid

43 638 82 673 un
109 616 237 688 dignum
262 618 414 687 protulerit
438 618 571 669 Erasmus
597 617 705 687 quique
730 635 798 671 eum
821 629 997 691 sequuntur3

43 706 80 741 ur
99 687 154 739 hac
168 692 278 739 reiecto
294 695 324 739 et
346 686 510 752 repudiate,
540 696 647 737 novam
669 684 754 739 illem
777 696 806 739 et
827 691 999 743 commenti·

43 758 101 811 'tum
117 764 176 809 tan
194 755 338 825 patienter
354 755 554 820 admittamus3

97 825 221 893 Undique
240 825 393 891 decerptae
410 823 510 875 frondi
528 840 692 890 praeponere
709 822 821 874 olivam.

43 895 92 947 ioc
112 902 169 960 eet,
200 901 233 943 ut
250 892 306 961 ipei
322 894 400 945 inter
422 901 564 957 retertur,
594 890 716 941 omnibus
741 894 861 943 omnium
878 891 1001 957 iocorum

43 976 207 1013 tterrarum
216 960 366 1028 frondibus
384 911 485 1019 obbonem
512 972 681 1027 anteponere.
730 960 808 1012 Bene
835 976 919 1015 eane:
948 962 1000 1015 ted

43 1028 101 1083 ilud
118 1028 258 1099 inprimit
281 1029 356 1081 scire
381 1028 482 1099 cupio,
513 1042 647 1097 quorsum
669 1029 813 1097 pertinent
836 1028 926 1079 Decer
946 1044 998 1096 tae,

42 1098 171 1169 iquidetn
189 1116 232 1165 ee,
252 1113 339 1177 quem
358 1096 472 1164 volunt,
496 1097 638 1149 sententie
657 1097 730 1152 esst
753 1096 833 1166 Quid
851 1096 890 1167 eit
909 1048 1001 1151 dovr.

44 1185 87 1219 ere
105 1166 231 1230 clivom,
253 1170 355 1233 noum,
369 1165 495 1233 florem,
522 1164 588 1218 sotis
604 1163 710 1234 opinor
727 1162 919 1232 intelligimur
936 1184 1000 1221 om-

43 1253 84 1289 tet.
123 1236 188 1285 Iem
208 1250 328 1304 quaero,
355 1250 408 1285 cur
427 1251 486 1285 non
504 1234 596 1285 cuivis
613 1234 726 1299 arbori,
746 1234 834 1287 etium
851 1235 893 1289 tic
908 1228 999 1289 tincti

43 1304 209 1368 tineaene,
229 1301 336 1355 olivam
354 1302 587 1382 anteponebant?
621 1301 700 1371 Quid
716 1301 753 1353 ad
768 1318 847 1369 rom,
867 1308 901 1355 ut
917 1304 998 1373 prim

43 1375 74 1425 'ec
124 1384 214 1423 eretur
232 1370 312 1424 frons
331 1387 456 1441 minevio,
474 1388 561 1441 quem
579 1386 648 1423 cum
662 1370 740 1423 oliva
756 1373 998 1439 compararetur?

43 1388 121 1493 ΙίΙιἨ1
128 1438 260 1509 proiecto
278 1440 548 1507 invenustius'vidi,
573 1455 612 1490 ne
631 1437 743 1506 dicam,
768 1439 905 1511 ineptiut.
939 1440 999 1497 Lu·

44 1511 137 1563 retius
153 1506 217 1561 loco
234 1510 293 1561 iem
311 1508 408 1576 citato,
935 1530 938 1535 ·

179 1578 307 1646 iuvatque
324 1596 408 1629 novos
427 1576 513 1628 decer
534 1591 583 1626 ere
593 1575 691 1640 floret.

43 1645 227 1717 buemohrem
251 1647 332 1699 sodes
362 1592 532 1714 decerpered
558 1641 698 1695 nimirum
720 1649 754 1694 ut
778 1656 812 1695 er
834 1642 872 1699 iic
887 1643 932 1700 cic
947 1644 998 1703 de-

43 1716 136 1786 erptit
155 1730 264 1769 corona
280 1715 380 1781 fieret3
932 1738 935 1743 ·

96 1785 289 1852 insignemque
310 1801 367 1834 meo
386 1783 470 1848 capiti
485 1792 574 1849 petere
593 1778 663 1831 inde
682 1794 818 1829 coronam.

43 1852 173 1907 imiliter
188 1869 222 1903 ιιι
240 1860 337 1904 uetere
354 1850 503 1916 Lectione,

102 1921 227 1990 Undique
243 1920 410 1990 decerptam
420 1919 514 1987 fronti
528 1933 693 1987 praeponere
711 1917 830 1967 olivam:
885 1952 888 1959 .

43 1988 110 2061 {uid
125 1990 168 2043 ita
185 1989 345 2057 decerptam,
361 1987 387 2040 si
406 1988 582 2055 interroges:
601 1986 674 2038 ratio
692 1986 723 2037 in
741 1991 881 2055 promptu
895 1992 954 2055 eet,-
966 1996 1001 2043 ut

43 2075 140 2111 rorone
155 2057 225 2111 inde
242 2058 319 2109 fecta
336 2058 428 2109 fronti
445 2063 654 2127 praeponatur3
685 2055 762 2125 quod
788 2051 845 2105 uiti
863 2053 1000 2128 decerpta

43 2124 112 2181 trine
129 2126 234 2179 fronde
251 2126 316 2178 fieri
340 2144 400 2178 non
425 2134 524 2196 potest.
571 2126 634 2176 Iam
658 2141 726 2184 vero
752 2125 783 2175 in
807 2123 916 2177 novitia
939 2126 999 2189 lec·

43 2200 127 2262 :ione,
157 2196 431 2262 comminiscantur,
465 2195 489 2245 si
509 2200 660 2263 poterunt,
687 2192 778 2244 ullam
796 2208 925 2261 causent,
951 2197 999 2250 vol

44 2275 161 2335 neptam
178 2265 280 2317 saltem
297 2273 325 2315 et
344 2281 478 2342 pravam
510 2264 580 2332 quid
604 2263 710 2314 referat
733 2263 765 2312 in
782 2265 1000 2328 comparatione

43 2334 185 2402 trhorum,
217 2342 282 2385 utra
298 2342 357 2383 utri
376 2332 563 2400 praeferende
579 2330 630 2398 sit,
660 2340 693 2381 ut
718 2330 836 2383 alterius
854 2328 935 2384 irone
952 2334 1001 2387 de.

43 2411 175 2473 torpatur,
212 2400 394 2454 Crediderim
411 2397 729 2468 equidem'iam'nunc
754 2415 801 2451 eos
825 2396 931 2451 iudicii
955 2404 1001 2456 sui

43 2473 198 2531 toeniteret
229 2470 279 2522 ted
303 2477 332 2520 et
354 2469 433 2521 eliud
452 2468 546 2520 adhuc
564 2469 710 2537 reliquum
728 2477 770 2519 est
789 2464 885 2518 nihilo
904 2469 1000 2525 minue

43 2540 249 2593 toeniteudum.
284 2538 332 2589 Sic
352 2537 431 2588 enim
449 2545 582 2604 narrent,
614 2554 697 2605 eum,
727 2535 777 2605 qui
796 2535 920 2588 Athenae
938 2538 1000 2592 lau.

43 2608 99 2662 tnre
119 2607 261 2674 instituit,
280 2616 345 2659 ente
361 2606 459 2657 omnia
477 2607 568 2657 cuivis
585 2606 682 2657 arbori
700 2617 878 2675 praeponere
896 2605 1002 2661 debere

43 2673 159 2745 iliram,
179 2686 277 2746 utpote
295 2693 312 2728 a
328 2677 464 2726 Minerva
480 2677 636 2741 inventam,
655 2683 684 2724 et
700 2678 730 2727 in
750 2675 812 2724 eius
830 2689 897 2724 arce
916 2680 1002 2728 Athe·

43 2747 77 2800 ris
100 2753 307 2801 consecratum.
357 2744 438 2795 Esto:
470 2753 499 2795 et
521 2760 589 2795 sene
614 2743 707 2793 multo
730 2742 765 2793 de
791 2741 878 2794 Oliva
903 2746 1001 2799 Attice
1031 2786 1033 2791 .

43 2815 203 2879 treedicant
221 2829 287 2865 cum
305 2815 420 2883 poium,
451 2820 512 2864 tum
531 2814 658 2863 rhetores
676 2820 704 2860 et
721 2810 868 2863 historici:
903 2815 1002 2866 sedin

43 2896 66 2937 to
83 2887 145 2937 iem
166 2900 213 2934 res
230 2882 361 2948 vertitur,
382 2899 419 2933 cn
436 2881 473 2931 ed
489 2880 604 2933 Horatii
622 2896 736 2930 sensum
756 2878 809 2929 hoc
826 2880 930 2946 fuciat;
953 2894 1002 2936 out

43 2962 98 3005 tum
118 2953 154 3004 iit
173 2967 245 3021 quae
263 2959 486 3020 praecesserant,
517 2968 575 3001 non
601 2947 784 3000 incommode
803 2959 1002 3009 connectatur.

43 3016 155 3073 bixerat
173 3028 278 3086 noster,
300 3019 396 3068 Po'e'tat
415 3037 469 3068 esse
489 3019 648 3081 nonnullos,
670 3018 765 3084 quibus
781 3035 862 3067 unum
879 3034 1003 3085 operest

43 3091 202 3141 itbenorum
220 3088 314 3138 leudes
330 3101 456 3155 perpetuo
478 3090 593 3137 carmine
610 3088 734 3153 prosequi
740 3104 749 3154 ς
767 3086 839 3137 udde
857 3086 915 3137 iam
933 3088 1003 3142 isto-

43 3168 97 3211 mm
117 3166 327 3222 commentum,
346 3166 375 3207 et
393 3158 454 3220 dic;
474 3157 510 3205 Et
530 3153 639 3205 Olivam
655 3156 777 3204 omnibus
794 3155 935 3206 arboribus
954 3176 1003 3208 an.

43 3228 142 3295 esent.
179 3227 381 3285 Numquamne
399 3224 514 3276 tandem
532 3224 707 3292 ineptiarum
724 3222 853 3290 pigebit?
882 3227 924 3275 An
942 3245 1004 3293 per-

43 3307 142 3347 tetuum
160 3293 304 3346 eiusmodi
323 3294 460 3345 carminis
479 3301 680 3359 argumentum
700 3300 760 3342 eret
784 3291 869 3345 olen?
891 3294 1002 3363 Quid?

43 3374 71 3415 tn
87 3365 203 3434 relique
212 3363 389 3414 Athenarum
407 3362 555 3428 miraculo,
576 3376 696 3429 quorum
713 3378 750 3411 ne
769 3361 924 3415 centesima
961 3364 1005 3415 ui·

43 3428 101 3485 dem
126 3450 193 3505 pare
218 3441 280 3483 erat
305 3429 383 3496 olea,
423 3431 538 3483 silentio
563 3438 645 3481 erant
668 3430 896 3496 praetereunda?
956 3432 1005 3483 ide

43 3502 120 3555 modo
147 3518 241 3571 peuce
263 3499 335 3553 haec
354 3498 503 3552 Ciceronis
530 3500 629 3565 verhn,
659 3514 712 3566 pro
735 3497 838 3551 Flacco
865 3516 927 3569 cap.
960 3501 1002 3555 26.

43 3570 154 3639 mnne,
173 3571 231 3639 ait,
250 3568 437 3638 Athenienses,
456 3566 532 3621 unde
549 3567 719 3635 buneanitat‘,
738 3566 876 3637 doctrina²
897 3569 1011 3639 reiigto¹
