2250 3990
322 202 325 207 ·
380 204 384 211 v
409 188 549 231 cronon
582 154 702 233 atain.
971 168 1035 237 341

136 266 193 323 Nil
211 264 292 322 heta
309 269 408 336 infelix
443 285 568 339 anpertas
584 271 678 323 durius
694 272 725 323 in
740 286 778 337 ae,
825 302 828 307 ·
1013 294 1018 305 ·

137 336 229 405 Quam
245 340 315 407 qnod
333 290 463 390 ridteuiis
477 338 600 391 homines
609 338 694 406 facit.
728 342 824 404 Exeat,
841 336 940 407 inquit,
999 374 1002 379 -
1086 366 1089 371 ·

137 408 168 458 si
183 408 269 473 pudor
286 421 334 471 cst,
354 421 382 459 et
398 409 430 459 de
448 409 559 475 pulvino
577 422 673 475 surgat
690 409 815 478 equestri,

136 472 223 526 Ouiae
239 494 283 527 res
301 477 357 542 legi
373 495 428 528 non
443 476 567 543 sufficit:
584 485 613 528 et
629 476 746 530 redeant
765 475 814 527 hic

133 540 285 599 Lenonum
306 544 390 613 paeri
410 556 591 626 quocumque
607 542 640 596 iit
657 544 769 598 fornice
786 541 857 595 nati·

135 610 191 663 Hic
207 613 321 678 plaudat
339 614 419 664 nitidi
436 615 576 680 praeconis
585 613 678 679 filius,
698 614 770 665 inter

136 679 282 747 Pinnirapi
300 682 385 732 cultos
402 683 519 745 iuuenes,
536 684 695 749 iuvenesque
713 682 849 733 lanistae:

136 748 182 797 Sic
197 747 305 798 libitum
320 766 400 813 vano,
418 752 465 818 qui
481 767 535 801 not
548 750 686 818 distinxit,
708 747 828 802 Othoni.
944 780 947 785 ·
1114 776 1118 804 ·.

68 816 122 869 Ubi
149 824 229 887 vetur
248 816 434 879 scholiastes:
465 817 535 885 Legi
559 815 688 887 Othonis,
715 836 769 887 qua
791 814 870 868 iussit
895 830 955 878 eoa,
984 812 1032 882 qui
1072 872 1075 877 ¹

67 886 323 952 quadringentorum
348 888 528 937 settertiarnm
556 885 684 940 haherent
709 887 827 949 reditus,
863 882 895 934 in
919 898 1031 935 numero

34 964 37 971 ·
67 955 91 1003 Ε
110 955 196 1003 uitam
214 970 279 1003 esse.
314 954 487 1025 Hinc‘pntet
511 955 557 1008 rel
581 950 747 1021 τριδούλονς
766 953 913 1015 Libertoe,
942 950 966 1003 ei
993 947 1031 1001 eti

67 972 162 1073 COGC
179 1019 310 1075 mrllium
325 1039 443 1075 censum
460 1023 549 1083 etmel
589 1024 774 1089 erveniseent,
803 1037 838 1074 eo
862 1019 925 1090 ipso
949 1014 1039 1089 equi··

66 1098 106 1142 tet
131 1090 239 1152 fuine*
277 1090 417 1171 Contra,¹
448 1108 480 1142 er
505 1109 558 1145 ean
579 1109 625 1143 em
644 1090 740 1163 legem
764 1090 905 1159 ingenuos
929 1095 959 1138 et
982 1086 1031 1153 int·¹

57 1160 167 1226 'gennis
185 1167 353 1229 prognatos,
375 1176 400 1212 ai
433 1168 495 1213 orte
511 1161 589 1213 intre
608 1159 694 1212 illum
711 1175 829 1211 centum
847 1155 1029 1223 decidissent,

66 1227 146 1296 plebi
163 1228 307 1280 accenseri
325 1228 437 1297 solitos,
458 1230 560 1291 Noster
575 1229 636 1299 ipse
654 1229 731 1283 clare
751 1227 836 1280 docet
852 1223 943 1297 Epist.
960 1222 984 1291 1,
1003 1234 1029 1276 1·
1054 1222 1058 1231 '

66 1315 91 1348 v.
111 1303 154 1363 58.
280 1340 283 1345 ,
700 1310 710 1321 ’
857 1316 862 1331 =

134 1366 184 1414 Est
201 1366 307 1423 animas
326 1367 385 1432 tibi,
402 1380 464 1419 aunt
482 1384 568 1417 mores
584 1378 610 1417 tt
628 1366 723 1433 lingna
733 1365 874 1435 fidesqutt

136 1434 173 1550 gir
201 1436 399 1504 uadringentis
416 1448 580 1503 recreatam
599 1434 689 1485 millia
706 1435 821 1501 darunt,¹

173 1518 188 1551 e
209 1519 221 1552 s
239 1520 300 1552 ens.

132 1569 244 1686 Rosam,
255 1571 309 1685 211ic
325 1570 413 1634 tadu,
429 1571 525 1621 melior
541 1568 596 1639 lex,
618 1588 654 1621 an
670 1586 813 1640 puerorum

167 1655 247 1687 aenea
351 1660 353 1667 ·

64 1704 168 1757 Adhuc
186 1705 277 1772 igitur
294 1703 489 1773 quaerendum
507 1712 557 1771 eet,
576 1703 645 1775 quiri
663 1705 718 1757 sibi
732 1704 786 1757 iata
799 1702 899 1771 velint,
921 1702 1029 1757 Othone

64 1784 216 1823 contemto:
233 1768 313 1824 nitito
332 1772 411 1823 anim
427 1772 502 1827 tulta
518 1782 585 1825 eunt
601 1773 732 1840 tibicine,
753 1789 831 1843 quae·
845 1770 923 1825 docti
939 1772 1030 1823 inter-

64 1850 162 1912 pretes
179 1838 316 1891 hactenus
334 1839 500 1893 attulerunt.
527 1842 570 1894 Ne
611 1841 730 1909 alonge
747 1858 781 1893 ea
796 1840 832 1893 de
849 1842 946 1893 eauiea
963 1856 1030 1910 pro·
1074 1858 1078 1863 ·

62 1909 254 1963 ticiecendum
277 1917 333 1962 ert:
361 1925 428 1959 ecce
452 1910 531 1962 enim
555 1908 576 1960 t·
602 1910 607 1920 “
633 1927 650 1963 e
672 1908 769 1981 media
794 1924 826 1960 re
852 1916 881 1961 et
902 1907 971 1979 ipsis
993 1922 1030 1959 ex

63 1976 159 2029 verbis
178 1986 343 2029 nascentem
361 1977 595 2048 explicationem,
620 1995 693 2049 quae
712 1993 844 2046 omnem,
863 1985 896 2030 at
912 1974 1026 2046 opinor,

62 2061 217 2098 numerum
235 2044 375 2099 ahaolret:
396 2106 399 2111 .

135 2112 315 2182 Sediiibnsqne
334 2133 447 2182 magnus
464 2115 707 2184 inprimuntur,

168 2179 271 2233 Othone
294 2182 432 2248 contemto,
454 2185 535 2235 sedet.
559 2222 562 2229 Α

63 2251 92 2304 Si
110 2249 182 2316 iure,
203 2251 314 2320 inquis,
344 2259 377 2302 ut
400 2267 499 2321 eques,
526 2252 558 2303 in
575 2251 793 2322 quatuordecim
809 2248 884 2309 aedit
902 2249 1038 2315 maenae

63 2336 116 2372 cur
140 2318 255 2373 additur
273 2316 379 2371 Othone
403 2320 558 2371 contemto?
593 2320 665 2371 Eam
692 2320 784 2391 ipsam
807 2321 844 2389 9b
871 2318 1024 2385 rationem,

64 2388 140 2458 Quia
164 2388 226 2437 iure
244 2388 285 2438 ihi
302 2386 383 2438 aedit.
420 2390 553 2439 Vetuerat
569 2388 648 2439 enim
667 2387 698 2438 L.
718 2387 836 2439 Roscius
854 2386 945 2450 Otho,
976 2401 1026 2435 na·

84 2457 127 2506 uia
161 2455 238 2506 infra
270 2454 411 2505 CCCCM.
438 2472 557 2507 censum
588 2454 618 2506 in
647 2454 781 2523 g'radibus
815 2454 874 2505 itlis
905 2454 1025 2514 eederet.

62 2477 198 2594 Ouisquie
216 2523 313 2593 igitur,
333 2532 364 2573 ut
375 2524 486 2588 Maena,
505 2540 592 2591 supra
607 2522 693 2575 illum
708 2539 822 2581 aeneum
840 2520 927 2587 longe
945 2535 1025 2571 erec-

61 2602 108 2643 tus
128 2592 199 2658 fuit,
227 2605 392 2643 contemnere
410 2594 503 2660 potuit
521 2592 680 2657 Othonem,
702 2600 731 2643 et
751 2591 806 2659 tegi
825 2591 886 2641 eius
904 2589 1026 2657 impune

62 2660 214 2730 oppedare.
250 2659 327 2727 Quid
345 2660 453 2711 reditus
471 2676 562 2724 meos,
583 2658 676 2723 Otho,
699 2659 812 2711 rimaris
832 2667 860 2708 et
877 2655 1022 2725 exploras3

60 2732 85 2782 ai
106 2729 181 2779 forte
206 2728 269 2798 lege
293 2738 343 2780 tua
363 2729 511 2779 damnatus
535 2728 570 2778 de
589 2727 805 2797 quatuordecim
823 2723 957 2797 gradihus
975 2725 1026 2776 de·
1077 2788 1081 2797 Ι

61 2796 220 2848 turbandus
238 2798 311 2850 sim?
340 2814 393 2864 ego
417 2813 483 2847 vero
504 2812 604 2847 census
629 2813 706 2847 maor
730 2797 804 2847 hene
831 2793 912 2859 novi,
942 2802 970 2845 et
994 2802 1024 2844 te

60 2876 197 2935 tuamque
216 2860 454 2932 legem-ainaim
471 2864 566 2915 iubeo.
601 2865 663 2915 lum
681 2863 804 2929 tandem,
827 2860 938 2933 opinor,
958 2877 1024 2930 per·

60 2934 162 3003 epicis,
201 2951 256 3002 que
283 2932 389 2985 fiducia
415 2933 504 2983 iretur
534 2932 639 2984 Marna
663 2931 805 2985 Othonem
831 2929 1023 2982 contemserit.

61 3002 118 3054 Sed
136 3020 168 3053 ea
191 3002 374 3051 contemnendi
397 2998 569 3069 significatio
594 2999 679 3053 latuit
703 3000 751 3051 hic
771 3000 831 3049 inte
868 3007 954 3061 retee;
985 2998 1023 3051 ti-

60 3071 135 3123 mile
152 3081 249 3122 tamen
269 3068 338 3137 quid
359 3068 501 3119 luvenalis
521 3068 605 3119 habet
622 3068 657 3118 de
675 3068 776 3119 Marco
793 3016 890 3134 ruiio,
908 3065 960 3138 qui

130 3139 230 3189 Antoni
245 3138 354 3203 gladios
371 3139 457 3203 pontit
475 3136 670 3206 contemnere,
689 3138 715 3187 si
732 3138 772 3187 sic

132 3205 232 3258 Omnia
249 3206 370 3255 dixisset⁴
393 3240 397 3247 -

97 3292 139 3346 17.
161 3275 211 3324 Tot
229 3292 278 3325 ora
296 3274 407 3323 naviam
423 3272 511 3341 gram]
548 3269 639 3323 Iulius
661 3267 789 3342 Scaliger
810 3271 844 3323 in
868 3272 1022 3343 Hypercti·

59 3343 119 3397 tico
138 3343 216 3393 hunc
235 3342 331 3394 locum
349 3341 389 3392 sic
408 3342 534 3410 castigat,

134 3410 206 3479 Quid
225 3413 321 3462 attinet
338 3423 376 3460 tot
394 3427 445 3462 ora
463 3412 572 3460 navium
590 3408 673 3475 gravi

168 3481 297 3530 Rostrata
314 3480 377 3529 duci
393 3478 529 3545 pandere?

62 3550 182 3617 Nescio,
200 3548 248 3618 ait,
270 3566 306 3601 an
324 3564 375 3601 ora
391 3548 510 3601 dicamas
527 3548 637 3600 naviam
653 3558 739 3615 recte,
756 3547 821 3617 quia
838 3557 863 3599 et
879 3553 1019 3598 rostrum:
