2250 3990
340 216 543 258 cannrnuui
582 216 654 264 nra.
686 196 713 261 l.
969 212 1013 279 19

109 298 210 349 Annuit
231 308 311 365 atque
330 297 401 350 dolis
420 300 481 350 risit
499 297 633 367 Cytherea
651 300 771 368 repertis.

56 377 85 421 ta
101 382 201 421 omues
227 366 343 445 ultique,
371 366 429 419 nisi
452 384 500 419 me
525 367 665 421 memoria
688 367 781 422 talttts
810 384 849 423 tte
888 387 906 425 e
931 374 1009 445 quii.

56 450 126 487 utun
142 450 179 485 ex
196 434 315 487 Graecis
333 431 494 573 Kottipaecw
508 428 680 504 Ἀφροδίτην,
699 454 757 489 non
775 438 837 506 ipre
882 458 996 499 orirerur

56 504 86 555 ui
104 505 190 556 toties
206 502 336 555 inculcet
360 505 414 556 Φοῖ
431 520 463 565 oc
486 497 634 570 Ἀπόλλων,
665 506 741 574 quod
764 508 840 561 soluo
863 518 892 561 et
917 485 1006 569 semel

56 574 165 627 nicetus
182 581 224 624 eet
242 572 380 642 Virgilius
398 579 467 624 Aen.
490 575 542 638 111,
564 584 623 642 251.

103 639 312 761 3:⁸⁰⁶de
329 656 407 709 pater
423 643 598 710 omnipotens,
619 640 687 693 mihi
704 640 828 695 Phoehus
843 646 941 715 Apollo

144 727 177 761 ae
197 722 256 760 rsit.
868 744 872 749 -

56 778 159 833 tetendi
176 779 277 847 itaque
294 777 399 847 poterit
415 785 512 829 noster
527 778 587 850 ‚¹¹9⁰
604 776 722 846 Virgilii
748 778 887 850 exemplo.
929 770 1007 842 Nam'

56 866 71 901 e
94 846 204 901 ruendo
232 863 279 899 sus
300 844 371 896 icari
398 853 475 896 vetat
507 847 639 898 omnium
671 843 814 899 librorum
844 856 1003 912 consensio.

56 916 147 989 tullius
163 914 238 968 adde
256 864 384 965 nllrium
403 914 531 967 Plotium
550 917 585 967 de
603 914 737 986 metrisp
768 916 844 981 2662·
880 918 1004 988 Lageae.

56 986 125 1038 icum
149 982 340 1036 Archebulium
354 981 397 1049 ‘fl'
422 982 524 1033 duobus
543 985 659 1051 dactylis
683 997 709 1033 et
733 985 837 1036 duobus
858 988 1001 1057 trochaeis,

56 1073 89 1107 oe
106 1052 234 1106 trochaeo
261 1065 286 1103 et
302 1052 446 1118 spondaeo.
490 1054 551 1102 Iam
569 1050 703 1120 Cytherea
725 1052 820 1103 choros
836 1057 927 1107 uerius
944 1060 1000 1111 dat.

57 1124 89 1177 bi
114 1139 152 1175 ex
175 1131 270 1175 metro
297 1119 359 1189 ipso
385 1119 571 1171 manifestum
597 1129 639 1172 est
663 1120 723 1189 legi
751 1130 885 1191 oportere
915 1126 1004 1177 Venus

56 1206 98 1255 etc
126 1209 145 1244 a
198 1191 282 1242 iiste
300 1187 457 1240 versiculus
475 1204 509 1241 ex
534 1188 797 1259 nostro'expressus
820 1199 877 1261 eet,
906 1200 936 1247 ct
957 1209 1002 1247 re·
1074 1242 1078 1249 .

56 1270 149 1333 eptam
178 1258 325 1311 actionem
341 1256 459 1310 stabilit,
884 1278 887 1287 ·

68 1338 95 1391 8.
120 1330 194 1381 Dum
212 1344 310 1396 graues
327 1326 476 1394 Cyclopum
497 1324 632 1375 Vulcanus
657 1328 756 1377 ardens
781 1328 837 1377 urit
859 1327 1000 1447 op'ficinar]

57 1400 87 1451 'ir
110 1414 233 1467 magnus
261 1394 354 1445 lulius
380 1393 485 1446 Caesar
508 1392 637 1461 Scaliger
665 1394 697 1446 in
720 1394 848 1446 Potitices
885 1398 923 1453 ib.
951 1401 1000 1453 Vl.

57 1482 215 1536 incoquere
233 1465 286 1515 ieta
303 1462 363 1514 non
383 1465 484 1531 potnit.
530 1462 595 1512 Nou
620 1464 692 1529 urit,
724 1462 833 1533 iuquit,
866 1470 1003 1520 caminos:

57 1536 181 1605 ejicerent
202 1535 280 1584 enim.
317 1533 351 1581 At
367 1549 422 1581 nan
440 1530 578 1596 deficiunt.
612 1530 731 1595 Melius,
756 1547 792 1581 ur
811 1539 841 1582 et
856 1533 1002 1600 officinas:

57 1607 131 1672 uippe
156 1603 282 1669 magistri
306 1612 346 1651 est
368 1616 464 1667 operar
490 1615 594 1664 urgere.
637 1600 717 1650 Haec
740 1547 883 1718 Scalipem
912 1618 1000 1673 quem

57 1671 122 1723 astri
146 1672 330 1739 interpretes,
356 1668 409 1719 etsi
435 1667 534 1736 quavis
557 1666 623 1716 data
646 1673 795 1718 occasione
831 1667 944 1721 ibenter
970 1676 1000 1725 ei

57 1741 209 1805 htrectun,
242 1738 384 1791 intactum
407 1735 457 1787 hic
484 1732 544 1787 loci
560 1734 724 1787 dimittunt:
755 1751 809 1787 nea
828 1735 940 1790 interce
958 1748 1000 1792 ta·

57 1826 98 1862 ten
117 1818 166 1861 aut
184 1807 308 1859 audiunt
325 1811 500 1869 monentem,
520 1810 569 1854 aut
583 1802 642 1854 alia
661 1802 706 1853 ria
723 1802 820 1855 locum
835 1805 998 1873 expediunt.

58 1895 105 1929 ere
123 1876 253 1947 profecto
272 1882 308 1925 et·
319 1881 403 1924 acute
422 1871 566 1939 Scaliger:
597 1884 770 1939 quamquam
787 1872 932 1925 incautius
948 1891 1000 1943 po.
1092 1901 1095 1909 .

57 1947 90 1998 rit
106 1947 247 1999 corninus:
294 1941 404 2012 Quidni
429 1939 509 1993 enim
533 1947 655 1990 uranuir
678 1937 807 1991 camini?
853 1940 1001 1999 luvenalis
1079 1966 1081 1971 ·

57 2014 97 2066 bltl
124 2030 153 2068 11
176 2050 183 2063 ·
545 2027 549 2043 ·

97 2025 203 2133 ’lncilde
221 2080 338 2141 assidua,
356 2094 509 2147 semperque
527 2075 645 2128 ardente
665 2076 781 2129 camino.

57 2150 116 2204 leid,
135 2152 209 2203 Part.
231 2149 279 2214 Ν,
299 2163 357 2215 473.

72 2238 75 2249 ·
101 2220 236 2287 Antraque
257 2216 402 2282 Cyclopum
421 2215 518 2282 positis
537 2223 633 2265 exusta
651 2216 773 2268 caminis.

57 2286 90 2338 letl
111 2284 191 2339 aliud
216 2283 301 2354 plane
325 2291 367 2333 est
389 2299 474 2334 urere
500 2279 655 2347 officinas:
680 2284 788 2354 quippe
811 2301 847 2338 ee
865 2294 951 2357 pacto
971 2295 1001 2343 et

58 2363 122 2407 ctam
138 2357 289 2406 tabernam
307 2360 336 2402 et
352 2368 436 2401 omne
455 2351 549 2419 operis
565 2350 789 2404 instrumentum
807 2370 864 2406 unt
882 2357 1000 2408 combu-

57 2434 124 2487 nrct3
154 2421 231 2492 quod
255 2421 291 2472 de
311 2419 437 2471 Vulcano
456 2420 590 2470 tabernae
615 2418 733 2472 domino
757 2422 896 2492 suspicari
920 2424 1000 2475 sesti-

57 2506 102 2543 nm
119 2508 188 2543 sane
207 2498 286 2541 esset.
326 2489 425 2557 Neque
443 2486 517 2538 illud
534 2488 695 2558 Propertii,
728 2490 804 2561 quod
829 2490 887 2543 huc
911 2491 999 2545 addu-

57 2559 81 2611 :it
96 2558 274 2623 Passeratius,
294 2556 372 2623 Elcg.
396 2557 433 2623 Il,
456 2573 479 2608 1.
809 2578 812 2587 =

103 2628 209 2679 Colchis
229 2625 355 2676 Iolciacis
372 2626 424 2674 urit
443 2622 530 2674 ahena
540 2624 626 2690 focis,

57 2693 97 2749 ullo
118 2695 204 2749 modo
234 2711 286 2762 par
311 2692 357 2743 vel
385 2692 482 2744 simile
510 2702 560 2763 est.
607 2693 736 2743 Utuntur
762 2693 841 2746 enim
867 2693 999 2764 qttntitlie

57 2763 141 2828 thena,
173 2764 259 2815 salvis
279 2771 376 2813 tamen
395 2761 528 2812 officinis.
574 2759 652 2811 Illud
675 2777 789 2830 quoque
812 2781 828 2815 n
851 2762 998 2831 Scaligero

58 2834 219 2885 tracteritum
237 2832 344 2895 miror3
372 2846 456 2899 quem
480 2829 595 2880 inlicere
613 2829 682 2880 bina
704 2828 757 2880 illa
773 2834 932 2899 iungantur
955 2849 999 2881 ar-

58 2900 100 2952 lnu
114 2910 142 2953 et
160 2904 223 2951 urit.
267 2898 433 2950 Exclamare
457 2913 571 2968 prorsus
594 2897 677 2962 licet,
710 2895 762 2957 Alc
778 2895 882 2950 nauehu
899 2893 996 2958 elnac:

58 2968 104 3021 ulto
126 2979 157 3021 ut
183 2969 344 3039 geminatus
371 2967 422 3018 ille
445 2966 524 3018 calor
550 2966 610 3017 iem
635 2980 747 3017 merum
772 2967 863 3034 frigus
888 2968 998 3038 spirare

58 3036 170 3090 nicatur.
218 3038 348 3088 Omnino
380 3039 476 3104 itaque
503 3033 621 3085 mallem
646 3049 714 3084 cum
744 3033 889 3102 Scaligero
919 3049 997 3102 urget

58 3106 176 3173 fficium
200 3122 267 3157 cum
287 3107 331 3158 vel
351 3122 367 3157 a
392 3121 481 3178 puero
501 3103 686 3156 meminerim
703 3100 755 3155 illa
773 3102 896 3158 Vulcani
919 3103 997 3172 apud

58 3173 134 3245 tingit.
155 3176 233 3238 Vlll,
252 3191 312 3243 439.
629 3176 636 3184 ”

104 3246 201 3297 Tollite
218 3255 323 3305 cuncta,
342 3243 437 3309 inquit,
456 3253 613 3308 coeptasque
631 3239 735 3305 auferte
752 3237 868 3304 labores,

101 3314 210 3367 Aetnaei
229 3312 366 3378 Cyclopes,
388 3323 414 3359 et
433 3308 486 3358 huc
507 3310 637 3359 advertite
656 3319 778 3359 mentem.

103 3384 181 3435 Arma
199 3381 258 3430 acri
269 3380 402 3447 sarienda
419 3379 495 3427 viro:
515 3396 585 3427 nuria
602 3376 704 3427 viribus
720 3392 792 3438 usus,

102 3452 182 3502 Nunc
201 3448 323 3507 manibus
340 3448 452 3514 rapidis,
471 3447 544 3498 omni
561 3463 631 3499 nunc
650 3458 710 3499 arte
726 3443 878 3513 magistrat

105 3519 281 3587 Praecipitate
299 3532 396 3569 moras.
816 3576 824 3588 ,

59 3582 184 3656 moscin,
210 3585 332 3658 opinor,
359 3583 492 3655 magistri
510 3581 596 3636 verba
619 3596 704 3651 quern
731 3591 874 3643 acerrimp
897 3591 1002 3648 aperus
