<?xml version="1.0" encoding="UTF-8"?>
<!DOCTYPE html PUBLIC "-//W3C//DTD XHTML 1.0 Transitional//EN"
    "http://www.w3.org/TR/xhtml1/DTD/xhtml1-transitional.dtd">
<html xmlns="http://www.w3.org/1999/xhtml" xml:lang="en" lang="en">
 <head>
  <title>
</title>
<meta http-equiv="Content-Type" content="text/html;charset=utf-8" />
  <meta name='ocr-system' content='tesseract 3.04.00' />
  <meta name='ocr-capabilities' content='ocr_page ocr_carea ocr_par ocr_line ocrx_word'/>
</head>
<body>
  <div class='ocr_page' id='page_1' title='image "./richardibentlei00bentgoog_0186.png"; bbox 0 0 2250 3990; ppageno 0'>
   <div class='ocr_carea' id='block_1_1' title="bbox 249 184 933 267">
    <p class='ocr_par' dir='ltr' id='par_1_1' title="bbox 249 184 933 267">
     <span class='ocr_line' id='line_1_1' title="bbox 249 184 933 267; baseline 0.012 -18"><span class='ocrx_word' id='word_1_1' title='bbox 249 200 451 249; x_wconf 74' lang='lat' dir='ltr'><strong>csnurunn</strong></span> <span class='ocrx_word' id='word_1_2' title='bbox 490 184 569 253; x_wconf 68' lang='lat' dir='ltr'><strong>rte.⁴</strong></span> <span class='ocrx_word' id='word_1_3' title='bbox 591 186 640 267; x_wconf 79' lang='lat' dir='ltr'><strong>ll.</strong></span> <span class='ocrx_word' id='word_1_4' title='bbox 846 214 849 221; x_wconf 94' lang='lat'>·</span> <span class='ocrx_word' id='word_1_5' title='bbox 869 197 933 265; x_wconf 82' lang='grc'><strong>159</strong></span> 
     </span>
    </p>
   </div>
   <div class='ocr_carea' id='block_1_2' title="bbox 41 291 935 1328">
    <p class='ocr_par' dir='ltr' id='par_1_2' title="bbox 41 291 935 1328">
     <span class='ocr_line' id='line_1_2' title="bbox 320 291 601 359; baseline -0.004 -18"><span class='ocrx_word' id='word_1_6' title='bbox 320 303 399 359; x_wconf 80' lang='lat' dir='ltr'><strong>atque</strong></span> <span class='ocrx_word' id='word_1_7' title='bbox 416 291 496 341; x_wconf 85' lang='lat' dir='ltr'><strong>nrbes</strong></span> <span class='ocrx_word' id='word_1_8' title='bbox 513 303 601 341; x_wconf 80' lang='lat' dir='ltr'><strong>movet</strong></span> 
     </span>
     <span class='ocr_line' id='line_1_3' title="bbox 41 359 649 427; baseline 0 -16"><span class='ocrx_word' id='word_1_9' title='bbox 41 360 134 411; x_wconf 71' lang='lat' dir='ltr'><strong>Graias</strong></span> <span class='ocrx_word' id='word_1_10' title='bbox 152 359 183 409; x_wconf 84' lang='lat' dir='ltr'><strong>in</strong></span> <span class='ocrx_word' id='word_1_11' title='bbox 200 376 294 410; x_wconf 88' lang='lat' dir='ltr'><strong>ormo:</strong></span> <span class='ocrx_word' id='word_1_12' title='bbox 311 376 371 411; x_wconf 87' lang='lat' dir='ltr'><strong>non</strong></span> <span class='ocrx_word' id='word_1_13' title='bbox 391 359 461 412; x_wconf 88' lang='lat' dir='ltr'><strong>levis</strong></span> <span class='ocrx_word' id='word_1_14' title='bbox 471 360 559 427; x_wconf 77' lang='lat' dir='ltr'><strong>sessis</strong></span> <span class='ocrx_word' id='word_1_15' title='bbox 575 361 649 411; x_wconf 82' lang='lat' dir='ltr'><strong>venit</strong></span> 
     </span>
     <span class='ocr_line' id='line_1_4' title="bbox 41 426 260 481; baseline -0.005 -1"><span class='ocrx_word' id='word_1_16' title='bbox 41 428 131 481; x_wconf 77' lang='lat' dir='ltr'><strong>Ruina</strong></span> <span class='ocrx_word' id='word_1_17' title='bbox 151 426 260 479; x_wconf 79' lang='lat' dir='ltr'><em>Thebis.</em></span> 
     </span>
     <span class='ocr_line' id='line_1_5' title="bbox 41 492 700 565; baseline 0.003 -18"><span class='ocrx_word' id='word_1_18' title='bbox 41 498 127 565; x_wconf 69' lang='lat' dir='ltr'><strong>gravis</strong></span> <span class='ocrx_word' id='word_1_19' title='bbox 142 498 231 562; x_wconf 82' lang='lat' dir='ltr'><strong>ruine,</strong></span> <span class='ocrx_word' id='word_1_20' title='bbox 249 504 283 551; x_wconf 87' lang='lat' dir='ltr'><strong>ut</strong></span> <span class='ocrx_word' id='word_1_21' title='bbox 297 495 399 546; x_wconf 85' lang='lat' dir='ltr'><strong>Noster</strong></span> <span class='ocrx_word' id='word_1_22' title='bbox 416 492 506 547; x_wconf 81' lang='lat' dir='ltr'><strong>Serm.</strong></span> <span class='ocrx_word' id='word_1_23' title='bbox 526 494 565 561; x_wconf 90' lang='lat' dir='ltr'><strong>II,</strong></span> <span class='ocrx_word' id='word_1_24' title='bbox 586 505 613 558; x_wconf 83' lang='lat'><strong>8.</strong></span> <span class='ocrx_word' id='word_1_25' title='bbox 693 540 700 549; x_wconf 86' lang='lat'><strong>.</strong></span> 
     </span>
     <span class='ocr_line' id='line_1_6' title="bbox 41 559 665 633; baseline 0 -16"><span class='ocrx_word' id='word_1_26' title='bbox 41 566 144 625; x_wconf 73' lang='lat' dir='ltr'><strong>interea</strong></span> <span class='ocrx_word' id='word_1_27' title='bbox 159 583 290 632; x_wconf 80' lang='lat' dir='ltr'><strong>suspensa</strong></span> <span class='ocrx_word' id='word_1_28' title='bbox 306 580 406 633; x_wconf 77' lang='lat' dir='ltr'><strong>graves</strong></span> <span class='ocrx_word' id='word_1_29' title='bbox 425 564 523 615; x_wconf 81' lang='lat' dir='ltr'><strong>aulaea</strong></span> <span class='ocrx_word' id='word_1_30' title='bbox 540 562 641 617; x_wconf 68' lang='lat' dir='ltr'><strong>ruinas</strong></span> <span class='ocrx_word' id='word_1_31' title='bbox 663 559 665 573; x_wconf 56' lang='lat'><strong>³</strong></span> 
     </span>
     <span class='ocr_line' id='line_1_7' title="bbox 41 634 323 703; baseline 0 -18"><span class='ocrx_word' id='word_1_32' title='bbox 41 636 70 685; x_wconf 82' lang='grc' dir='ltr'><strong>[ιι</strong></span> <span class='ocrx_word' id='word_1_33' title='bbox 85 635 209 703; x_wconf 83' lang='lat' dir='ltr'><strong>patinam</strong></span> <span class='ocrx_word' id='word_1_34' title='bbox 220 634 323 701; x_wconf 79' lang='lat' dir='ltr'><strong>fecere.</strong></span> 
     </span>
     <span class='ocr_line' id='line_1_8' title="bbox 41 700 932 767; baseline 0.009 -14"><span class='ocrx_word' id='word_1_35' title='bbox 41 708 82 753; x_wconf 79' lang='grc' dir='ltr'><strong>ἰιιι</strong></span> <span class='ocrx_word' id='word_1_36' title='bbox 98 712 197 754; x_wconf 84' lang='lat' dir='ltr'><strong>tomen</strong></span> <span class='ocrx_word' id='word_1_37' title='bbox 215 701 381 755; x_wconf 79' lang='lat' dir='ltr'><strong>vetustiores</strong></span> <span class='ocrx_word' id='word_1_38' title='bbox 397 700 583 753; x_wconf 80' lang='lat' dir='ltr'><strong>membranae</strong></span> <span class='ocrx_word' id='word_1_39' title='bbox 601 700 673 767; x_wconf 81' lang='lat' dir='ltr'><strong>leni,</strong></span> <span class='ocrx_word' id='word_1_40' title='bbox 701 709 735 755; x_wconf 88' lang='lat' dir='ltr'><strong>ut</strong></span> <span class='ocrx_word' id='word_1_41' title='bbox 759 700 932 761; x_wconf 79' lang='lat' dir='ltr'><strong>Blendiniee</strong></span> 
     </span>
     <span class='ocr_line' id='line_1_9' title="bbox 41 769 934 843; baseline 0.003 -22"><span class='ocrx_word' id='word_1_42' title='bbox 41 770 101 841; x_wconf 62' lang='lat' dir='ltr'><strong>etii,</strong></span> <span class='ocrx_word' id='word_1_43' title='bbox 129 780 212 823; x_wconf 82' lang='lat' dir='ltr'><strong>etex</strong></span> <span class='ocrx_word' id='word_1_44' title='bbox 230 774 303 823; x_wconf 80' lang='lat' dir='ltr'><strong>meis</strong></span> <span class='ocrx_word' id='word_1_45' title='bbox 320 770 486 836; x_wconf 82' lang='lat' dir='ltr'><strong>Leidenses,</strong></span> <span class='ocrx_word' id='word_1_46' title='bbox 511 769 705 838; x_wconf 74' lang='lat' dir='ltr'><strong>Graevienae,</strong></span> <span class='ocrx_word' id='word_1_47' title='bbox 732 777 762 820; x_wconf 89' lang='lat' dir='ltr'><strong>et</strong></span> <span class='ocrx_word' id='word_1_48' title='bbox 779 788 815 823; x_wconf 85' lang='lat' dir='ltr'><strong>ex</strong></span> <span class='ocrx_word' id='word_1_49' title='bbox 837 776 934 843; x_wconf 69' lang='lat' dir='ltr'><strong>prime</strong></span> 
     </span>
     <span class='ocr_line' id='line_1_10' title="bbox 41 838 933 911; baseline 0.006 -20"><span class='ocrx_word' id='word_1_50' title='bbox 41 838 112 911; x_wconf 60' lang='lat' dir='ltr'><strong>olle</strong></span> <span class='ocrx_word' id='word_1_51' title='bbox 132 839 253 891; x_wconf 80' lang='lat' dir='ltr'><strong>inensee.</strong></span> <span class='ocrx_word' id='word_1_52' title='bbox 274 838 341 891; x_wconf 83' lang='lat' dir='ltr'><strong>Non</strong></span> <span class='ocrx_word' id='word_1_53' title='bbox 359 840 422 902; x_wconf 85' lang='lat' dir='ltr'><strong>leni,</strong></span> <span class='ocrx_word' id='word_1_54' title='bbox 440 838 460 890; x_wconf 87' lang='lat' dir='ltr'><strong>i.</strong></span> <span class='ocrx_word' id='word_1_55' title='bbox 481 855 505 889; x_wconf 89' lang='lat' dir='ltr'><strong>e.</strong></span> <span class='ocrx_word' id='word_1_56' title='bbox 526 838 648 889; x_wconf 73' lang='lat' dir='ltr'><strong>crudetis</strong></span> <span class='ocrx_word' id='word_1_57' title='bbox 663 839 734 909; x_wconf 77' lang='lat' dir='ltr'><strong>quip</strong></span> <span class='ocrx_word' id='word_1_58' title='bbox 755 856 772 891; x_wconf 83' lang='lat' dir='ltr'><strong>e</strong></span> <span class='ocrx_word' id='word_1_59' title='bbox 789 840 933 897; x_wconf 79' lang='lat' dir='ltr'><strong>Pentheus</strong></span> 
     </span>
     <span class='ocr_line' id='line_1_11' title="bbox 41 856 933 978; baseline 0.004 -17"><span class='ocrx_word' id='word_1_60' title='bbox 41 916 96 961; x_wconf 76' lang='lat' dir='ltr'><strong>stre</strong></span> <span class='ocrx_word' id='word_1_61' title='bbox 112 856 270 976; x_wconf 59' lang='lat' dir='ltr'><strong>lymphato</strong></span> <span class='ocrx_word' id='word_1_62' title='bbox 291 909 374 960; x_wconf 80' lang='lat' dir='ltr'><strong>vivus</strong></span> <span class='ocrx_word' id='word_1_63' title='bbox 399 906 557 976; x_wconf 81' lang='lat' dir='ltr'><strong>discerptus</strong></span> <span class='ocrx_word' id='word_1_64' title='bbox 571 914 631 965; x_wconf 70' lang='lat' dir='ltr'><strong>est.</strong></span> <span class='ocrx_word' id='word_1_65' title='bbox 678 856 759 959; x_wconf 68' lang='lat' dir='ltr'><strong>Melie</strong></span> <span class='ocrx_word' id='word_1_66' title='bbox 784 908 876 978; x_wconf 78' lang='lat' dir='ltr'><strong>igitur</strong></span> <span class='ocrx_word' id='word_1_67' title='bbox 899 909 933 965; x_wconf 80' lang='grc' dir='ltr'><strong>τὸ</strong></span> 
     </span>
     <span class='ocr_line' id='line_1_12' title="bbox 41 974 935 1046; baseline -0.004 -19"><span class='ocrx_word' id='word_1_68' title='bbox 41 978 88 1028; x_wconf 82' lang='lat' dir='ltr'><strong>hie·</strong></span> <span class='ocrx_word' id='word_1_69' title='bbox 101 978 270 1046; x_wconf 73' lang='lat' dir='ltr'><strong>praeferunt</strong></span> <span class='ocrx_word' id='word_1_70' title='bbox 288 976 428 1029; x_wconf 71' lang='lat' dir='ltr'><strong>editiones</strong></span> <span class='ocrx_word' id='word_1_71' title='bbox 445 976 593 1044; x_wconf 82' lang='lat' dir='ltr'>quaedam,</span> <span class='ocrx_word' id='word_1_72' title='bbox 614 974 703 1027; x_wconf 85' lang='lat' dir='ltr'><strong>etiam</strong></span> <span class='ocrx_word' id='word_1_73' title='bbox 717 986 863 1034; x_wconf 70' lang='lat' dir='ltr'><strong>recentess</strong></span> <span class='ocrx_word' id='word_1_74' title='bbox 882 996 935 1031; x_wconf 71' lang='lat' dir='ltr'><strong>ne.</strong></span> 
     </span>
     <span class='ocr_line' id='line_1_13' title="bbox 41 1044 934 1109; baseline 0.006 -14"><span class='ocrx_word' id='word_1_75' title='bbox 41 1044 117 1095; x_wconf 78' lang='lat' dir='ltr'><strong>enim</strong></span> <span class='ocrx_word' id='word_1_76' title='bbox 135 1044 168 1095; x_wconf 91' lang='lat' dir='ltr'><strong>in</strong></span> <span class='ocrx_word' id='word_1_77' title='bbox 187 1062 221 1107; x_wconf 85' lang='lat' dir='ltr'><strong>eo</strong></span> <span class='ocrx_word' id='word_1_78' title='bbox 242 1045 307 1097; x_wconf 89' lang='lat' dir='ltr'><strong>loco</strong></span> <span class='ocrx_word' id='word_1_79' title='bbox 325 1044 518 1107; x_wconf 61' lang='lat' dir='ltr'><strong>trochaeum,</strong></span> <span class='ocrx_word' id='word_1_80' title='bbox 538 1052 571 1095; x_wconf 90' lang='lat' dir='ltr'><strong>ut</strong></span> <span class='ocrx_word' id='word_1_81' title='bbox 585 1044 699 1109; x_wconf 79' lang='lat' dir='ltr'><strong>nonle,</strong></span> <span class='ocrx_word' id='word_1_82' title='bbox 715 1045 872 1097; x_wconf 76' lang='lat' dir='ltr'><strong>&#39;admittere</strong></span> <span class='ocrx_word' id='word_1_83' title='bbox 889 1065 934 1100; x_wconf 84' lang='lat' dir='ltr'><strong>eo·</strong></span> 
     </span>
     <span class='ocr_line' id='line_1_14' title="bbox 41 1111 935 1233; baseline 0.006 -68"><span class='ocrx_word' id='word_1_84' title='bbox 41 1114 135 1233; x_wconf 51' lang='lat' dir='ltr'><strong>logter.</strong></span> <span class='ocrx_word' id='word_1_85' title='bbox 171 1114 245 1165; x_wconf 83' lang='lat' dir='ltr'><strong>Nam</strong></span> <span class='ocrx_word' id='word_1_86' title='bbox 264 1112 341 1184; x_wconf 79' lang='lat' dir='ltr'><strong>quod</strong></span> <span class='ocrx_word' id='word_1_87' title='bbox 365 1114 411 1166; x_wconf 85' lang='lat' dir='ltr'><strong>vir</strong></span> <span class='ocrx_word' id='word_1_88' title='bbox 434 1112 561 1165; x_wconf 71' lang='lat' dir='ltr'><strong>eruditus</strong></span> <span class='ocrx_word' id='word_1_89' title='bbox 584 1111 617 1165; x_wconf 83' lang='lat' dir='ltr'><strong>id</strong></span> <span class='ocrx_word' id='word_1_90' title='bbox 633 1113 670 1166; x_wconf 78' lang='lat' dir='ltr'><strong>eb</strong></span> <span class='ocrx_word' id='word_1_91' title='bbox 693 1113 800 1167; x_wconf 73' lang='lat' dir='ltr'><strong>Alcaeo</strong></span> <span class='ocrx_word' id='word_1_92' title='bbox 819 1117 935 1171; x_wconf 77' lang='lat' dir='ltr'><strong>tacun-</strong></span> 
     </span>
     <span class='ocr_line' id='line_1_15' title="bbox 44 1190 236 1234; baseline 0 -1"><span class='ocrx_word' id='word_1_93' title='bbox 44 1200 61 1233; x_wconf 95' lang='grc' dir='ltr'><strong><em>ο</em></strong></span> <span class='ocrx_word' id='word_1_94' title='bbox 80 1198 164 1234; x_wconf 82' lang='lat' dir='ltr'><strong>serve</strong></span> <span class='ocrx_word' id='word_1_95' title='bbox 203 1190 236 1233; x_wconf 88' lang='lat' dir='ltr'><strong>ut</strong></span> 
     </span>
     <span class='ocr_line' id='line_1_16' title="bbox 41 1189 582 1328; baseline 0 -25"><span class='ocrx_word' id='word_1_96' title='bbox 41 1189 184 1317; x_wconf 57' lang='lat' dir='ltr'><strong>Bloougl:7</strong></span> <span class='ocrx_word' id='word_1_97' title='bbox 193 1246 342 1318; x_wconf 79' lang='grc' dir='ltr'><strong><em>φάρμακον</em></strong></span> <span class='ocrx_word' id='word_1_98' title='bbox 358 1240 386 1302; x_wconf 81' lang='grc' dir='ltr'><strong>δ’</strong></span> <span class='ocrx_word' id='word_1_99' title='bbox 403 1242 526 1328; x_wconf 64' lang='grc' dir='ltr'><strong>ἄριστοι,</strong></span> <span class='ocrx_word' id='word_1_100' title='bbox 578 1254 582 1259; x_wconf 84' lang='grc'><strong>“</strong></span> 
     </span>
    </p>
   </div>
   <div class='ocr_carea' id='block_1_3' title="bbox 41 1378 933 2551">
    <p class='ocr_par' dir='ltr' id='par_1_3' title="bbox 41 1378 933 1729">
     <span class='ocr_line' id='line_1_17' title="bbox 41 1378 880 1455; baseline 0 -16"><span class='ocrx_word' id='word_1_101' title='bbox 41 1380 182 1453; x_wconf 57' lang='lat' dir='ltr'><strong>testeum</strong></span> <span class='ocrx_word' id='word_1_102' title='bbox 198 1378 289 1455; x_wconf 73' lang='grc' dir='ltr'><strong><em>αὐτὰρ</em></strong></span> <span class='ocrx_word' id='word_1_103' title='bbox 309 1378 382 1454; x_wconf 73' lang='grc' dir='ltr'><strong>ἀμφὶ</strong></span> <span class='ocrx_word' id='word_1_104' title='bbox 398 1382 494 1455; x_wconf 81' lang='grc' dir='ltr'><strong><em>κόρσα.</em></strong></span> <span class='ocrx_word' id='word_1_105' title='bbox 877 1424 880 1429; x_wconf 92' lang='grc'>-</span> 
     </span>
     <span class='ocr_line' id='line_1_18' title="bbox 41 1453 933 1530; baseline 0.003 -23"><span class='ocrx_word' id='word_1_106' title='bbox 41 1455 131 1507; x_wconf 77' lang='lat' dir='ltr'><strong>tidem</strong></span> <span class='ocrx_word' id='word_1_107' title='bbox 149 1472 248 1509; x_wconf 85' lang='lat' dir='ltr'><strong>verum</strong></span> <span class='ocrx_word' id='word_1_108' title='bbox 262 1467 311 1522; x_wconf 84' lang='lat' dir='ltr'><strong>est,</strong></span> <span class='ocrx_word' id='word_1_109' title='bbox 333 1458 382 1509; x_wconf 85' lang='lat' dir='ltr'><strong>sed</strong></span> <span class='ocrx_word' id='word_1_110' title='bbox 400 1456 475 1508; x_wconf 88' lang='lat' dir='ltr'><strong>nihil</strong></span> <span class='ocrx_word' id='word_1_111' title='bbox 493 1453 529 1507; x_wconf 81' lang='lat' dir='ltr'><strong>od</strong></span> <span class='ocrx_word' id='word_1_112' title='bbox 540 1453 653 1507; x_wconf 80' lang='lat' dir='ltr'><strong>Horetii</strong></span> <span class='ocrx_word' id='word_1_113' title='bbox 666 1473 788 1511; x_wconf 84' lang='lat' dir='ltr'><strong>morem.</strong></span> <span class='ocrx_word' id='word_1_114' title='bbox 809 1458 888 1530; x_wconf 81' lang='lat' dir='ltr'><strong>Quin</strong></span> <span class='ocrx_word' id='word_1_115' title='bbox 903 1469 933 1512; x_wconf 86' lang='lat' dir='ltr'><strong>et</strong></span> 
     </span>
     <span class='ocr_line' id='line_1_19' title="bbox 41 1524 931 1600; baseline 0.007 -25"><span class='ocrx_word' id='word_1_116' title='bbox 41 1525 162 1594; x_wconf 84' lang='lat' dir='ltr'><strong>rpphieo</strong></span> <span class='ocrx_word' id='word_1_117' title='bbox 189 1526 333 1592; x_wconf 79' lang='lat' dir='ltr'>carmine,</span> <span class='ocrx_word' id='word_1_118' title='bbox 369 1524 551 1578; x_wconf 82' lang='lat' dir='ltr'><strong>Trochoeum</strong></span> <span class='ocrx_word' id='word_1_119' title='bbox 568 1524 743 1580; x_wconf 76' lang='lat' dir='ltr'><strong>insecundo</strong></span> <span class='ocrx_word' id='word_1_120' title='bbox 762 1527 828 1581; x_wconf 89' lang='lat' dir='ltr'><strong>loeo</strong></span> <span class='ocrx_word' id='word_1_121' title='bbox 845 1542 931 1600; x_wconf 72' lang='lat' dir='ltr'><strong>saepe</strong></span> 
     </span>
     <span class='ocr_line' id='line_1_20' title="bbox 41 1594 931 1663; baseline 0.002 -20"><span class='ocrx_word' id='word_1_122' title='bbox 41 1602 162 1644; x_wconf 77' lang='lat' dir='ltr'><strong>suerunt</strong></span> <span class='ocrx_word' id='word_1_123' title='bbox 179 1602 208 1645; x_wconf 87' lang='lat' dir='ltr'><strong>et</strong></span> <span class='ocrx_word' id='word_1_124' title='bbox 221 1594 341 1645; x_wconf 82' lang='lat' dir='ltr'><strong>Alcaeus</strong></span> <span class='ocrx_word' id='word_1_125' title='bbox 358 1603 387 1644; x_wconf 84' lang='lat' dir='ltr'><strong>et</strong></span> <span class='ocrx_word' id='word_1_126' title='bbox 406 1594 531 1663; x_wconf 78' lang='lat' dir='ltr'><strong>Sappho,</strong></span> <span class='ocrx_word' id='word_1_127' title='bbox 547 1601 580 1644; x_wconf 85' lang='lat' dir='ltr'><strong>ut</strong></span> <span class='ocrx_word' id='word_1_128' title='bbox 925 1622 931 1637; x_wconf 84' lang='lat'><strong>·</strong></span> 
     </span>
     <span class='ocr_line' id='line_1_21' title="bbox 41 1654 541 1729; baseline 0 -18"><span class='ocrx_word' id='word_1_129' title='bbox 41 1657 229 1728; x_wconf 83' lang='grc' dir='ltr'><strong>Ποικιλόφρον</strong></span> <span class='ocrx_word' id='word_1_130' title='bbox 245 1655 365 1715; x_wconf 77' lang='grc' dir='ltr'><strong><em>ἀθάνατ’</em></strong></span> <span class='ocrx_word' id='word_1_131' title='bbox 385 1654 541 1729; x_wconf 74' lang='grc' dir='ltr'><strong><em>Ἀφροδίτα,</em></strong></span> 
     </span>
    </p>

    <p class='ocr_par' dir='ltr' id='par_1_4' title="bbox 41 1726 561 1797">
     <span class='ocr_line' id='line_1_22' title="bbox 41 1726 561 1797; baseline 0 -17"><span class='ocrx_word' id='word_1_132' title='bbox 41 1728 96 1781; x_wconf 78' lang='grc' dir='ltr'><strong>Ποῖ</strong></span> <span class='ocrx_word' id='word_1_133' title='bbox 111 1726 182 1789; x_wconf 77' lang='grc' dir='ltr'><strong>Διὸς</strong></span> <span class='ocrx_word' id='word_1_134' title='bbox 199 1727 360 1797; x_wconf 77' lang='grc' dir='ltr'><strong><em>δολόπλοκε,</em></strong></span> <span class='ocrx_word' id='word_1_135' title='bbox 379 1728 508 1795; x_wconf 82' lang='grc' dir='ltr'><strong><em>λίσσομαί</em></strong></span> <span class='ocrx_word' id='word_1_136' title='bbox 525 1743 561 1781; x_wconf 83' lang='grc' dir='ltr'><strong>οε·</strong></span> 
     </span>
    </p>

    <p class='ocr_par' dir='ltr' id='par_1_5' title="bbox 55 1796 657 1863">
     <span class='ocr_line' id='line_1_23' title="bbox 55 1796 657 1863; baseline 0.002 -14"><span class='ocrx_word' id='word_1_137' title='bbox 55 1808 170 1849; x_wconf 83' lang='lat' dir='ltr'><strong>secutus</strong></span> <span class='ocrx_word' id='word_1_138' title='bbox 186 1808 227 1851; x_wconf 85' lang='lat' dir='ltr'><strong>est</strong></span> <span class='ocrx_word' id='word_1_139' title='bbox 245 1799 330 1851; x_wconf 87' lang='lat' dir='ltr'><strong>etiam</strong></span> <span class='ocrx_word' id='word_1_140' title='bbox 351 1797 489 1863; x_wconf 77' lang='lat' dir='ltr'><strong>Catullus,</strong></span> <span class='ocrx_word' id='word_1_141' title='bbox 509 1796 590 1848; x_wconf 88' lang='lat' dir='ltr'><strong>utin</strong></span> <span class='ocrx_word' id='word_1_142' title='bbox 606 1796 657 1851; x_wconf 85' lang='lat' dir='ltr'><strong>XI.</strong></span> 
     </span>
    </p>

    <p class='ocr_par' dir='ltr' id='par_1_6' title="bbox 41 1865 580 1986">
     <span class='ocr_line' id='line_1_24' title="bbox 41 1865 580 1986; baseline -0.002 -69"><span class='ocrx_word' id='word_1_143' title='bbox 41 1868 86 1986; x_wconf 56' lang='lat' dir='ltr'><strong>liele</strong></span> <span class='ocrx_word' id='word_1_144' title='bbox 104 1868 188 1918; x_wconf 85' lang='lat' dir='ltr'><em>Sacas</em></span> <span class='ocrx_word' id='word_1_145' title='bbox 206 1869 428 1939; x_wconf 72' lang='lat' dir='ltr'><strong>Sagittiferosque</strong></span> <span class='ocrx_word' id='word_1_146' title='bbox 447 1865 580 1917; x_wconf 77' lang='lat' dir='ltr'><strong>Parthos:</strong></span> 
     </span>
    </p>

    <p class='ocr_par' dir='ltr' id='par_1_7' title="bbox 41 2002 827 2069">
     <span class='ocr_line' id='line_1_25' title="bbox 41 2002 827 2069; baseline -0.011 -13"><span class='ocrx_word' id='word_1_147' title='bbox 41 2002 139 2068; x_wconf 79' lang='lat' dir='ltr'><strong>Otium,</strong></span> <span class='ocrx_word' id='word_1_148' title='bbox 159 2004 274 2069; x_wconf 80' lang='lat' dir='ltr'><strong>Catulle,</strong></span> <span class='ocrx_word' id='word_1_149' title='bbox 294 2003 345 2054; x_wconf 82' lang='lat' dir='ltr'><strong>tibi</strong></span> <span class='ocrx_word' id='word_1_150' title='bbox 361 2003 501 2053; x_wconf 83' lang='lat' dir='ltr'><strong>molestum</strong></span> <span class='ocrx_word' id='word_1_151' title='bbox 516 2014 575 2058; x_wconf 75' lang='lat' dir='ltr'><strong>est:</strong></span> <span class='ocrx_word' id='word_1_152' title='bbox 824 2040 827 2047; x_wconf 95' lang='lat'><em>.</em></span> 
     </span>
    </p>

    <p class='ocr_par' dir='ltr' id='par_1_8' title="bbox 41 2068 932 2480">
     <span class='ocr_line' id='line_1_26' title="bbox 41 2068 930 2153; baseline -0.003 -30"><span class='ocrx_word' id='word_1_153' title='bbox 41 2088 64 2123; x_wconf 85' lang='grc' dir='ltr'><strong>ιιι</strong></span> <span class='ocrx_word' id='word_1_154' title='bbox 81 2073 147 2126; x_wconf 82' lang='lat' dir='ltr'><strong>dete</strong></span> <span class='ocrx_word' id='word_1_155' title='bbox 165 2089 254 2153; x_wconf 75' lang='lat' dir='ltr'><strong>opere</strong></span> <span class='ocrx_word' id='word_1_156' title='bbox 270 2074 372 2124; x_wconf 86' lang='lat' dir='ltr'><strong>Noster</strong></span> <span class='ocrx_word' id='word_1_157' title='bbox 397 2090 413 2125; x_wconf 81' lang='lat' dir='ltr'>a</span> <span class='ocrx_word' id='word_1_158' title='bbox 433 2070 579 2122; x_wconf 84' lang='lat' dir='ltr'><strong>Troeheeo</strong></span> <span class='ocrx_word' id='word_1_159' title='bbox 597 2069 628 2120; x_wconf 90' lang='lat' dir='ltr'><strong>in</strong></span> <span class='ocrx_word' id='word_1_160' title='bbox 649 2087 683 2122; x_wconf 88' lang='lat' dir='ltr'><strong>eo</strong></span> <span class='ocrx_word' id='word_1_161' title='bbox 700 2068 765 2122; x_wconf 89' lang='lat' dir='ltr'><strong>loco</strong></span> <span class='ocrx_word' id='word_1_162' title='bbox 782 2068 930 2138; x_wconf 77' lang='lat' dir='ltr'><strong>abstinuit,</strong></span> 
     </span>
     <span class='ocr_line' id='line_1_27' title="bbox 46 2138 932 2210; baseline -0.002 -17"><span class='ocrx_word' id='word_1_163' title='bbox 46 2144 77 2193; x_wconf 89' lang='lat' dir='ltr'><strong>in</strong></span> <span class='ocrx_word' id='word_1_164' title='bbox 92 2142 150 2193; x_wconf 87' lang='lat' dir='ltr'><strong>hoc</strong></span> <span class='ocrx_word' id='word_1_165' title='bbox 169 2142 311 2210; x_wconf 80' lang='lat' dir='ltr'><strong>Sapphico</strong></span> <span class='ocrx_word' id='word_1_166' title='bbox 329 2156 427 2208; x_wconf 85' lang='lat' dir='ltr'><strong>versu,</strong></span> <span class='ocrx_word' id='word_1_167' title='bbox 448 2157 534 2209; x_wconf 81' lang='lat' dir='ltr'><strong>quem</strong></span> <span class='ocrx_word' id='word_1_168' title='bbox 550 2141 582 2190; x_wconf 89' lang='lat' dir='ltr'><strong>in</strong></span> <span class='ocrx_word' id='word_1_169' title='bbox 600 2138 653 2190; x_wconf 91' lang='lat' dir='ltr'><strong>illo</strong></span> <span class='ocrx_word' id='word_1_170' title='bbox 673 2139 798 2191; x_wconf 73' lang='lat' dir='ltr'><strong>Alcaico.</strong></span> <span class='ocrx_word' id='word_1_171' title='bbox 841 2139 932 2208; x_wconf 86' lang='lat' dir='ltr'><strong>quue</strong></span> 
     </span>
     <span class='ocr_line' id='line_1_28' title="bbox 41 2208 932 2277; baseline -0.003 -16"><span class='ocrx_word' id='word_1_172' title='bbox 41 2226 78 2263; x_wconf 91' lang='grc' dir='ltr'><strong>ιιο</strong></span> <span class='ocrx_word' id='word_1_173' title='bbox 108 2209 229 2262; x_wconf 82' lang='lat' dir='ltr'><strong>consilio</strong></span> <span class='ocrx_word' id='word_1_174' title='bbox 261 2210 385 2272; x_wconf 82' lang='lat' dir='ltr'><strong>factun13</strong></span> <span class='ocrx_word' id='word_1_175' title='bbox 420 2226 524 2277; x_wconf 84' lang='lat' dir='ltr'>nempe</span> <span class='ocrx_word' id='word_1_176' title='bbox 549 2217 581 2258; x_wconf 87' lang='lat' dir='ltr'><strong>ut</strong></span> <span class='ocrx_word' id='word_1_177' title='bbox 607 2223 702 2260; x_wconf 82' lang='lat' dir='ltr'><strong>versus</strong></span> <span class='ocrx_word' id='word_1_178' title='bbox 725 2208 772 2258; x_wconf 86' lang='lat' dir='ltr'><strong>illi</strong></span> <span class='ocrx_word' id='word_1_179' title='bbox 798 2209 932 2258; x_wconf 84' lang='lat' dir='ltr'><em>tardiores</em></span> 
     </span>
     <span class='ocr_line' id='line_1_29' title="bbox 41 2276 931 2346; baseline 0.002 -19"><span class='ocrx_word' id='word_1_180' title='bbox 41 2278 61 2328; x_wconf 90' lang='lat' dir='ltr'><strong>lo</strong></span> <span class='ocrx_word' id='word_1_181' title='bbox 78 2281 269 2346; x_wconf 80' lang='lat' dir='ltr'><strong>gravioresque</strong></span> <span class='ocrx_word' id='word_1_182' title='bbox 285 2281 406 2328; x_wconf 83' lang='lat' dir='ltr'><strong>venirent</strong></span> <span class='ocrx_word' id='word_1_183' title='bbox 426 2279 460 2327; x_wconf 83' lang='lat' dir='ltr'><strong>ed</strong></span> <span class='ocrx_word' id='word_1_184' title='bbox 485 2295 579 2327; x_wconf 85' lang='lat' dir='ltr'><strong>aures:</strong></span> <span class='ocrx_word' id='word_1_185' title='bbox 606 2293 674 2327; x_wconf 82' lang='lat' dir='ltr'><strong>num</strong></span> <span class='ocrx_word' id='word_1_186' title='bbox 698 2279 760 2327; x_wconf 87' lang='lat' dir='ltr'><strong>sine</strong></span> <span class='ocrx_word' id='word_1_187' title='bbox 785 2276 931 2345; x_wconf 79' lang='lat' dir='ltr'><strong>spondaeo</strong></span> 
     </span>
     <span class='ocr_line' id='line_1_30' title="bbox 41 2345 930 2415; baseline 0.002 -18"><span class='ocrx_word' id='word_1_188' title='bbox 41 2362 76 2398; x_wconf 79' lang='lat' dir='ltr'><strong>ree</strong></span> <span class='ocrx_word' id='word_1_189' title='bbox 105 2349 231 2399; x_wconf 85' lang='lat' dir='ltr'><strong>nimium</strong></span> <span class='ocrx_word' id='word_1_190' title='bbox 259 2347 454 2415; x_wconf 82' lang='lat' dir='ltr'><strong>volubilesque</strong></span> <span class='ocrx_word' id='word_1_191' title='bbox 486 2355 515 2397; x_wconf 91' lang='lat' dir='ltr'><strong>et</strong></span> <span class='ocrx_word' id='word_1_192' title='bbox 540 2347 601 2398; x_wconf 88' lang='lat' dir='ltr'><strong>sine</strong></span> <span class='ocrx_word' id='word_1_193' title='bbox 628 2345 756 2414; x_wconf 86' lang='lat' dir='ltr'><strong>pondere</strong></span> <span class='ocrx_word' id='word_1_194' title='bbox 784 2345 930 2400; x_wconf 85' lang='lat' dir='ltr'><strong>feruntur.</strong></span> 
     </span>
     <span class='ocr_line' id='line_1_31' title="bbox 41 2416 505 2480; baseline 0.002 -16"><span class='ocrx_word' id='word_1_195' title='bbox 41 2433 108 2467; x_wconf 69' lang='lat' dir='ltr'><strong>tnos</strong></span> <span class='ocrx_word' id='word_1_196' title='bbox 126 2417 162 2467; x_wconf 81' lang='lat' dir='ltr'><strong>ed</strong></span> <span class='ocrx_word' id='word_1_197' title='bbox 180 2416 273 2468; x_wconf 83' lang='lat' dir='ltr'><strong>Germ.</strong></span> <span class='ocrx_word' id='word_1_198' title='bbox 294 2417 345 2480; x_wconf 85' lang='lat'><strong>111,</strong></span> <span class='ocrx_word' id='word_1_199' title='bbox 366 2431 390 2469; x_wconf 80' lang='grc' dir='ltr'><strong>ο.</strong></span> <span class='ocrx_word' id='word_1_200' title='bbox 411 2433 436 2467; x_wconf 90' lang='lat' dir='ltr'><strong>v.</strong></span> <span class='ocrx_word' id='word_1_201' title='bbox 461 2432 505 2465; x_wconf 70' lang='lat'><strong>1.&#39;</strong></span> 
     </span>
    </p>

    <p class='ocr_par' dir='ltr' id='par_1_9' title="bbox 41 2479 932 2551">
     <span class='ocr_line' id='line_1_32' title="bbox 41 2479 932 2551; baseline -0.001 -16"><span class='ocrx_word' id='word_1_202' title='bbox 41 2520 47 2535; x_wconf 90' lang='lat'><strong>.</strong></span> <span class='ocrx_word' id='word_1_203' title='bbox 72 2484 212 2535; x_wconf 67' lang='lat' dir='ltr'><strong>Rboeeum</strong></span> <span class='ocrx_word' id='word_1_204' title='bbox 235 2485 365 2535; x_wconf 80' lang='lat' dir='ltr'><strong>retorsisti</strong></span> <span class='ocrx_word' id='word_1_205' title='bbox 390 2483 484 2550; x_wconf 88' lang='lat' dir='ltr'><strong>leonis]</strong></span> <span class='ocrx_word' id='word_1_206' title='bbox 520 2480 557 2531; x_wconf 89' lang='lat' dir='ltr'><strong>Et</strong></span> <span class='ocrx_word' id='word_1_207' title='bbox 582 2479 692 2530; x_wconf 81' lang='lat' dir='ltr'><strong>iterum</strong></span> <span class='ocrx_word' id='word_1_208' title='bbox 708 2479 804 2533; x_wconf 80' lang='lat' dir='ltr'><strong>Germ.</strong></span> <span class='ocrx_word' id='word_1_209' title='bbox 823 2481 884 2548; x_wconf 90' lang='lat' dir='ltr'><strong>III,</strong></span> <span class='ocrx_word' id='word_1_210' title='bbox 903 2494 932 2551; x_wconf 80' lang='lat'><strong>4.</strong></span> 
     </span>
    </p>
   </div>
   <div class='ocr_carea' id='block_1_4' title="bbox 41 2584 1032 3649">
    <p class='ocr_par' dir='ltr' id='par_1_10' title="bbox 41 2584 1032 3649">
     <span class='ocr_line' id='line_1_33' title="bbox 41 2584 747 2687; baseline -0.007 -18"><span class='ocrx_word' id='word_1_211' title='bbox 41 2584 115 2687; x_wconf 65' lang='lat' dir='ltr'><strong>³Quid</strong></span> <span class='ocrx_word' id='word_1_212' title='bbox 131 2619 265 2670; x_wconf 76' lang='lat' dir='ltr'><strong>Rhoecus</strong></span> <span class='ocrx_word' id='word_1_213' title='bbox 282 2614 430 2687; x_wconf 78' lang='lat' dir='ltr'><strong>evulsisque</strong></span> <span class='ocrx_word' id='word_1_214' title='bbox 448 2619 551 2669; x_wconf 82' lang='lat' dir='ltr'><strong>truncis</strong></span> <span class='ocrx_word' id='word_1_215' title='bbox 568 2615 747 2667; x_wconf 77' lang='lat' dir='ltr'><strong>Enceladus?</strong></span> 
     </span>
     <span class='ocr_line' id='line_1_34' title="bbox 41 2683 934 2758; baseline -0.004 -19"><span class='ocrx_word' id='word_1_216' title='bbox 41 2705 112 2739; x_wconf 85' lang='lat' dir='ltr'><strong>runc</strong></span> <span class='ocrx_word' id='word_1_217' title='bbox 136 2687 276 2739; x_wconf 83' lang='lat' dir='ltr'><strong>editiones</strong></span> <span class='ocrx_word' id='word_1_218' title='bbox 299 2687 452 2758; x_wconf 83' lang='lat' dir='ltr'><strong>pleraeque</strong></span> <span class='ocrx_word' id='word_1_219' title='bbox 479 2694 577 2738; x_wconf 83' lang='lat' dir='ltr'><strong>contre</strong></span> <span class='ocrx_word' id='word_1_220' title='bbox 602 2684 734 2736; x_wconf 88' lang='lat' dir='ltr'><strong>omnium</strong></span> <span class='ocrx_word' id='word_1_221' title='bbox 754 2683 934 2735; x_wconf 79' lang='lat' dir='ltr'><strong>membrane-</strong></span> 
     </span>
     <span class='ocr_line' id='line_1_35' title="bbox 54 2750 934 2824; baseline -0.005 -16"><span class='ocrx_word' id='word_1_222' title='bbox 54 2758 157 2820; x_wconf 81' lang='lat' dir='ltr'><strong>fidem,</strong></span> <span class='ocrx_word' id='word_1_223' title='bbox 188 2772 260 2824; x_wconf 85' lang='lat' dir='ltr'><strong>quoe</strong></span> <span class='ocrx_word' id='word_1_224' title='bbox 279 2774 389 2808; x_wconf 82' lang='lat' dir='ltr'><strong>summo</strong></span> <span class='ocrx_word' id='word_1_225' title='bbox 408 2754 564 2807; x_wconf 81' lang='lat' dir='ltr'><strong>constantia</strong></span> <span class='ocrx_word' id='word_1_226' title='bbox 582 2753 689 2803; x_wconf 80' lang='lat' dir='ltr'><strong>hebent</strong></span> <span class='ocrx_word' id='word_1_227' title='bbox 707 2750 857 2815; x_wconf 79' lang='lat' dir='ltr'><strong>Rhoetum,</strong></span> <span class='ocrx_word' id='word_1_228' title='bbox 886 2752 934 2804; x_wconf 82' lang='lat' dir='ltr'><strong>vel</strong></span> 
     </span>
     <span class='ocr_line' id='line_1_36' title="bbox 43 2819 933 2893; baseline -0.003 -18"><span class='ocrx_word' id='word_1_229' title='bbox 43 2844 84 2889; x_wconf 86' lang='lat' dir='ltr'><strong>m,</strong></span> <span class='ocrx_word' id='word_1_230' title='bbox 106 2823 152 2876; x_wconf 81' lang='lat' dir='ltr'><strong>rol</strong></span> <span class='ocrx_word' id='word_1_231' title='bbox 171 2824 305 2885; x_wconf 69' lang='grc' dir='ltr'><strong>Ηειλιιιιιις</strong></span> <span class='ocrx_word' id='word_1_232' title='bbox 323 2834 355 2876; x_wconf 85' lang='grc' dir='ltr'><strong>ιιι</strong></span> <span class='ocrx_word' id='word_1_233' title='bbox 371 2842 482 2893; x_wconf 83' lang='lat' dir='ltr'><strong>semper</strong></span> <span class='ocrx_word' id='word_1_234' title='bbox 500 2823 642 2876; x_wconf 83' lang='lat' dir='ltr'><strong>scribatur</strong></span> <span class='ocrx_word' id='word_1_235' title='bbox 660 2819 745 2869; x_wconf 87' lang='lat' dir='ltr'><strong>litera</strong></span> <span class='ocrx_word' id='word_1_236' title='bbox 764 2821 803 2886; x_wconf 90' lang='lat' dir='ltr'><strong>T,</strong></span> <span class='ocrx_word' id='word_1_237' title='bbox 822 2837 881 2871; x_wconf 87' lang='lat' dir='ltr'><strong>nou</strong></span> <span class='ocrx_word' id='word_1_238' title='bbox 900 2820 933 2872; x_wconf 82' lang='lat' dir='ltr'><strong>C.</strong></span> 
     </span>
     <span class='ocr_line' id='line_1_37' title="bbox 41 2887 935 2963; baseline -0.007 -17"><span class='ocrx_word' id='word_1_239' title='bbox 41 2893 266 2961; x_wconf 79' lang='lat' dir='ltr'><strong>sCruquiusex</strong></span> <span class='ocrx_word' id='word_1_240' title='bbox 283 2909 342 2945; x_wconf 90' lang='lat' dir='ltr'><strong>uno</strong></span> <span class='ocrx_word' id='word_1_241' title='bbox 363 2893 461 2944; x_wconf 87' lang='lat' dir='ltr'><strong>codice</strong></span> <span class='ocrx_word' id='word_1_242' title='bbox 481 2893 592 2963; x_wconf 79' lang='lat' dir='ltr'><strong>profert</strong></span> <span class='ocrx_word' id='word_1_243' title='bbox 612 2887 768 2939; x_wconf 79' lang='lat' dir='ltr'><strong>Rhoecum:</strong></span> <span class='ocrx_word' id='word_1_244' title='bbox 798 2887 875 2939; x_wconf 86' lang='lat' dir='ltr'><strong>idem</strong></span> <span class='ocrx_word' id='word_1_245' title='bbox 893 2896 935 2940; x_wconf 79' lang='lat' dir='ltr'><strong>te·</strong></span> 
     </span>
     <span class='ocr_line' id='line_1_38' title="bbox 52 2957 935 3027; baseline -0.006 -14"><span class='ocrx_word' id='word_1_246' title='bbox 52 2962 160 3013; x_wconf 82' lang='lat' dir='ltr'><strong>fatetur</strong></span> <span class='ocrx_word' id='word_1_247' title='bbox 177 2961 200 3010; x_wconf 91' lang='lat' dir='ltr'>C</span> <span class='ocrx_word' id='word_1_248' title='bbox 218 2960 248 3011; x_wconf 92' lang='lat' dir='ltr'><strong>in</strong></span> <span class='ocrx_word' id='word_1_249' title='bbox 266 2959 354 3013; x_wconf 81' lang='lat' dir='ltr'><strong>lituro</strong></span> <span class='ocrx_word' id='word_1_250' title='bbox 372 2962 474 3025; x_wconf 75' lang='lat' dir='ltr'><strong>fuisse3</strong></span> <span class='ocrx_word' id='word_1_251' title='bbox 507 2971 539 3012; x_wconf 87' lang='lat' dir='ltr'><strong>ut</strong></span> <span class='ocrx_word' id='word_1_252' title='bbox 563 2976 595 3009; x_wconf 88' lang='lat' dir='ltr'><strong>ex</strong></span> <span class='ocrx_word' id='word_1_253' title='bbox 619 2957 716 3027; x_wconf 84' lang='lat' dir='ltr'><strong>prime</strong></span> <span class='ocrx_word' id='word_1_254' title='bbox 740 2972 828 3007; x_wconf 79' lang='lat' dir='ltr'><strong>manu</strong></span> <span class='ocrx_word' id='word_1_255' title='bbox 846 2957 935 3008; x_wconf 83' lang='lat' dir='ltr'><strong>etiem</strong></span> 
     </span>
     <span class='ocr_line' id='line_1_39' title="bbox 41 3024 1032 3083; baseline -0.008 -1"><span class='ocrx_word' id='word_1_256' title='bbox 41 3031 128 3083; x_wconf 78' lang='lat' dir='ltr'><strong>codex</strong></span> <span class='ocrx_word' id='word_1_257' title='bbox 147 3028 308 3081; x_wconf 79' lang='lat' dir='ltr'><strong>exhibuerit</strong></span> <span class='ocrx_word' id='word_1_258' title='bbox 330 3029 472 3082; x_wconf 73' lang='lat' dir='ltr'><strong>Rhoetion.</strong></span> <span class='ocrx_word' id='word_1_259' title='bbox 514 3031 556 3081; x_wconf 89' lang='lat' dir='ltr'><strong>Ne</strong></span> <span class='ocrx_word' id='word_1_260' title='bbox 578 3044 612 3076; x_wconf 92' lang='lat' dir='ltr'><strong>ue</strong></span> <span class='ocrx_word' id='word_1_261' title='bbox 640 3026 726 3077; x_wconf 77' lang='lat' dir='ltr'><strong>aliter</strong></span> <span class='ocrx_word' id='word_1_262' title='bbox 748 3026 857 3079; x_wconf 78' lang='lat' dir='ltr'><strong>hebent</strong></span> <span class='ocrx_word' id='word_1_263' title='bbox 875 3024 934 3075; x_wconf 84' lang='lat' dir='ltr'><strong>edi·</strong></span> <span class='ocrx_word' id='word_1_264' title='bbox 1029 3024 1032 3029; x_wconf 82' lang='grc'><strong>’</strong></span> 
     </span>
     <span class='ocr_line' id='line_1_40' title="bbox 41 3047 935 3165; baseline -0.007 -15"><span class='ocrx_word' id='word_1_265' title='bbox 41 3106 188 3153; x_wconf 71' lang='lat' dir='ltr'><strong>ureteras</strong></span> <span class='ocrx_word' id='word_1_266' title='bbox 207 3107 273 3150; x_wconf 85' lang='lat' dir='ltr'><strong>onte</strong></span> <span class='ocrx_word' id='word_1_267' title='bbox 290 3115 398 3150; x_wconf 82' lang='lat' dir='ltr'><strong>annum</strong></span> <span class='ocrx_word' id='word_1_268' title='bbox 416 3099 511 3151; x_wconf 70' lang='lat' dir='ltr'><strong>Mun.</strong></span> <span class='ocrx_word' id='word_1_269' title='bbox 554 3047 735 3165; x_wconf 52' lang='lat' dir='ltr'><strong>{uicemque</strong></span> <span class='ocrx_word' id='word_1_270' title='bbox 753 3095 862 3163; x_wconf 81' lang='lat' dir='ltr'><strong>primus</strong></span> <span class='ocrx_word' id='word_1_271' title='bbox 880 3095 935 3144; x_wconf 87' lang='lat' dir='ltr'><strong>im·</strong></span> 
     </span>
     <span class='ocr_line' id='line_1_41' title="bbox 41 3162 934 3233; baseline -0.011 -12"><span class='ocrx_word' id='word_1_272' title='bbox 41 3168 105 3233; x_wconf 72' lang='lat' dir='ltr'><strong>uit,</strong></span> <span class='ocrx_word' id='word_1_273' title='bbox 141 3165 172 3216; x_wconf 84' lang='lat' dir='ltr'><strong>id</strong></span> <span class='ocrx_word' id='word_1_274' title='bbox 201 3168 316 3219; x_wconf 77' lang='lat' dir='ltr'><strong>videtur</strong></span> <span class='ocrx_word' id='word_1_275' title='bbox 342 3169 440 3219; x_wconf 86' lang='lat' dir='ltr'><strong>fecisse</strong></span> <span class='ocrx_word' id='word_1_276' title='bbox 467 3167 634 3219; x_wconf 76' lang='lat' dir='ltr'><strong>auctoritate</strong></span> <span class='ocrx_word' id='word_1_277' title='bbox 663 3162 846 3231; x_wconf 81' lang='lat' dir='ltr'><strong>Apollodori,</strong></span> <span class='ocrx_word' id='word_1_278' title='bbox 884 3162 934 3231; x_wconf 89' lang='lat' dir='ltr'><strong>qui</strong></span> 
     </span>
     <span class='ocr_line' id='line_1_42' title="bbox 41 3229 933 3301; baseline -0.011 -11"><span class='ocrx_word' id='word_1_279' title='bbox 41 3252 111 3290; x_wconf 80' lang='lat' dir='ltr'><strong>nex</strong></span> <span class='ocrx_word' id='word_1_280' title='bbox 130 3235 281 3286; x_wconf 82' lang='lat' dir='ltr'><strong>Centauris</strong></span> <span class='ocrx_word' id='word_1_281' title='bbox 294 3236 452 3301; x_wconf 84' lang='lat' dir='ltr'><strong>POIKON,</strong></span> <span class='ocrx_word' id='word_1_282' title='bbox 475 3236 613 3286; x_wconf 78' lang='lat' dir='ltr'><strong>Rhoecum</strong></span> <span class='ocrx_word' id='word_1_283' title='bbox 631 3240 785 3295; x_wconf 84' lang='lat' dir='ltr'><strong>memoret,</strong></span> <span class='ocrx_word' id='word_1_284' title='bbox 805 3229 855 3281; x_wconf 83' lang='lat' dir='ltr'><strong>lib.</strong></span> <span class='ocrx_word' id='word_1_285' title='bbox 878 3231 933 3297; x_wconf 84' lang='lat'><strong>111,</strong></span> 
     </span>
     <span class='ocr_line' id='line_1_43' title="bbox 74 3297 934 3371; baseline -0.013 -14"><span class='ocrx_word' id='word_1_286' title='bbox 74 3302 233 3371; x_wconf 80' lang='grc' dir='ltr'><strong>Κεντοῦροι</strong></span> <span class='ocrx_word' id='word_1_287' title='bbox 254 3304 397 3356; x_wconf 83' lang='grc' dir='ltr'><strong>ΡΟΙΚΟΣ</strong></span> <span class='ocrx_word' id='word_1_288' title='bbox 411 3302 458 3355; x_wconf 79' lang='lat' dir='ltr'><strong>nul</strong></span> <span class='ocrx_word' id='word_1_289' title='bbox 477 3297 604 3360; x_wconf 70' lang='lat' dir='ltr'><strong>‘Yiulees</strong></span> <span class='ocrx_word' id='word_1_290' title='bbox 623 3316 678 3368; x_wconf 89' lang='lat' dir='ltr'><strong>quo</strong></span> <span class='ocrx_word' id='word_1_291' title='bbox 695 3299 782 3351; x_wconf 85' lang='lat' dir='ltr'><strong>medo</strong></span> <span class='ocrx_word' id='word_1_292' title='bbox 800 3307 829 3349; x_wconf 85' lang='lat' dir='ltr'><strong>et</strong></span> <span class='ocrx_word' id='word_1_293' title='bbox 842 3297 934 3349; x_wconf 79' lang='lat' dir='ltr'><strong>Aetia.</strong></span> 
     </span>
     <span class='ocr_line' id='line_1_44' title="bbox 41 3365 931 3440; baseline -0.009 -14"><span class='ocrx_word' id='word_1_294' title='bbox 41 3374 115 3437; x_wconf 75' lang='lat' dir='ltr'><strong>rut,</strong></span> <span class='ocrx_word' id='word_1_295' title='bbox 137 3390 148 3423; x_wconf 88' lang='lat'>1</span> <span class='ocrx_word' id='word_1_296' title='bbox 197 3367 259 3423; x_wconf 82' lang='grc' dir='ltr'><strong>Δύο</strong></span> <span class='ocrx_word' id='word_1_297' title='bbox 277 3372 333 3423; x_wconf 81' lang='grc' dir='ltr'><strong>τῶν</strong></span> <span class='ocrx_word' id='word_1_298' title='bbox 351 3367 518 3440; x_wconf 83' lang='grc' dir='ltr'><strong><em>Κεντάορων</em></strong></span> <span class='ocrx_word' id='word_1_299' title='bbox 540 3365 642 3427; x_wconf 76' lang='grc' dir='ltr'><strong><em>Τλαῐός</em></strong></span> <span class='ocrx_word' id='word_1_300' title='bbox 662 3366 755 3419; x_wconf 78' lang='grc' dir='ltr'><strong><em>τεκαὶ</em></strong></span> <span class='ocrx_word' id='word_1_301' title='bbox 775 3366 931 3427; x_wconf 84' lang='grc' dir='ltr'><strong>ΡΟΙΚΟΣ;</strong></span> 
     </span>
     <span class='ocr_line' id='line_1_45' title="bbox 41 3440 1004 3508; baseline -0.01 -13"><span class='ocrx_word' id='word_1_302' title='bbox 41 3440 211 3496; x_wconf 75' lang='grc' dir='ltr'><strong>ιΙΙιιιιιιοΙιιιι</strong></span> <span class='ocrx_word' id='word_1_303' title='bbox 232 3443 346 3508; x_wconf 75' lang='lat' dir='ltr'><strong>Hynmo</strong></span> <span class='ocrx_word' id='word_1_304' title='bbox 366 3441 395 3490; x_wconf 86' lang='lat' dir='ltr'><strong>in</strong></span> <span class='ocrx_word' id='word_1_305' title='bbox 414 3442 539 3492; x_wconf 79' lang='lat' dir='ltr'><strong>Dionem</strong></span> <span class='ocrx_word' id='word_1_306' title='bbox 556 3457 581 3490; x_wconf 82' lang='lat' dir='ltr'><strong>v.</strong></span> <span class='ocrx_word' id='word_1_307' title='bbox 606 3454 663 3490; x_wconf 83' lang='lat'>221.</span> <span class='ocrx_word' id='word_1_308' title='bbox 1001 3450 1004 3457; x_wconf 86' lang='grc'><strong>’</strong></span> 
     </span>
     <span class='ocr_line' id='line_1_46' title="bbox 41 3496 824 3576; baseline -0.015 -14"><span class='ocrx_word' id='word_1_309' title='bbox 41 3506 114 3566; x_wconf 68' lang='grc' dir='ltr'><strong>Οὐδὲ</strong></span> <span class='ocrx_word' id='word_1_310' title='bbox 131 3504 181 3575; x_wconf 77' lang='grc' dir='ltr'><strong>μὲν</strong></span> <span class='ocrx_word' id='word_1_311' title='bbox 201 3509 305 3559; x_wconf 77' lang='grc' dir='ltr'><strong>Ῥλοιιον</strong></span> <span class='ocrx_word' id='word_1_312' title='bbox 321 3506 415 3560; x_wconf 79' lang='grc' dir='ltr'><strong><em>τεκαὶ</em></strong></span> <span class='ocrx_word' id='word_1_313' title='bbox 434 3503 548 3576; x_wconf 71' lang='grc' dir='ltr'><strong><em>ἄφρονα</em></strong></span> <span class='ocrx_word' id='word_1_314' title='bbox 567 3504 713 3558; x_wconf 83' lang='lat' dir='ltr'><em>POIKON</em></span> <span class='ocrx_word' id='word_1_315' title='bbox 731 3496 824 3553; x_wconf 70' lang='lat' dir='ltr'><strong>inlitu.</strong></span> 
     </span>
     <span class='ocr_line' id='line_1_47' title="bbox 61 3566 936 3649; baseline -0.016 -14"><span class='ocrx_word' id='word_1_316' title='bbox 61 3589 91 3635; x_wconf 87' lang='lat' dir='ltr'><strong>et</strong></span> <span class='ocrx_word' id='word_1_317' title='bbox 110 3586 225 3649; x_wconf 78' lang='lat' dir='ltr'><strong>praeter</strong></span> <span class='ocrx_word' id='word_1_318' title='bbox 243 3577 330 3630; x_wconf 84' lang='lat' dir='ltr'><strong>illum</strong></span> <span class='ocrx_word' id='word_1_319' title='bbox 341 3577 526 3647; x_wconf 71' lang='lat' dir='ltr'><strong>Centaurum,</strong></span> <span class='ocrx_word' id='word_1_320' title='bbox 544 3590 652 3630; x_wconf 75' lang='lat' dir='ltr'><strong>nornen</strong></span> <span class='ocrx_word' id='word_1_321' title='bbox 669 3571 795 3628; x_wconf 74' lang='lat' dir='ltr'><strong>Rhoecus</strong></span> <span class='ocrx_word' id='word_1_322' title='bbox 815 3566 936 3623; x_wconf 74' lang='lat' dir='ltr'><strong>eliuusls</strong></span> 
     </span>
    </p>
   </div>
   <div class='ocr_carea' id='block_1_5' title="bbox 0 0 1131 3990">
    <p class='ocr_par' dir='ltr' id='par_1_11' title="bbox 0 0 1131 3990">
     <span class='ocr_line' id='line_1_48' title="bbox 0 0 1131 3990; baseline 0 0"><span class='ocrx_word' id='word_1_323' title='bbox 0 0 1131 3990; x_wconf 95' lang='lat' dir='ltr'><strong> </strong></span> 
     </span>
    </p>
   </div>
  </div>
 </body>
</html>
