2250 3990
751 72 758 107 Ι

79 120 143 217 tes
299 116 303 141 ⁵
363 150 410 221 os
431 144 590 207 ιιοιιιιιι·
620 156 756 251 sceqer
832 152 856 221 ’-

231 246 347 315 imperio
365 246 521 313 regitanus
538 261 570 297 ae
588 260 629 297 uo.

79 320 144 371 Iam
161 316 224 384 dic,
246 322 362 369 obsecro
378 314 448 385 quid
465 313 520 367 eibi
539 263 629 383 ueiit,
643 312 725 367 urbes
738 322 769 365 et
782 308 947 366 monetae·

79 387 235 440 Enimvero
252 384 308 437 hoc
324 385 455 455 ineptum
472 390 522 451 ert,
542 380 752 452 araneologia
771 397 861 435 mern.
879 380 946 433 Nili

80 456 167 519 urbes,
183 470 240 507 non
260 453 409 506 hominum
426 459 529 519 coetae,
547 450 597 502 sed
614 450 747 521 lapidum
763 458 795 501 et
810 448 946 521 lignorum

81 527 193 593 geriem
210 522 295 575 stulte
311 522 360 575 hic
377 518 563 591 interpretari
578 518 657 573 volis.
684 518 816 589 corrige
835 532 904 587 vera
916 532 946 573 Ι

83 600 113 645 et
129 592 271 660 distingue
288 607 356 642 cum
372 599 468 643 vetere
483 587 656 641 Scholiaste:
861 594 864 599 '
934 600 937 605 ’

152 659 209 727 Qui
227 672 326 709 terram
341 661 462 722 inertem,
482 658 528 726 qui
546 674 618 707 mare
636 666 768 723 temperat

155 729 314 789 Ventosumj
333 740 359 779 et
374 728 489 779 umbras
507 742 641 793 regnaque
656 726 758 789 tristia,

184 798 329 864 Divosque,
349 795 523 862 mortalesque
540 794 632 845 turbas

235 865 350 931 Imperio
369 866 439 929 regit
457 880 525 913 unus
543 879 649 931 aequo.¹

83 934 163 987 Unus
180 935 255 999 regit
272 949 377 996 omnes,
397 931 480 997 Deos,
499 930 644 996 homiues,
664 929 845 999 infernoque.
883 926 945 985 Μ

84 1019 170 1071 regna
188 1002 292 1061 tristia;
310 1010 342 1051 ut
358 1000 465 1052 Seneca
482 998 585 1051 Medea
603 1002 633 1064 V,
654 1014 686 1051 ιο
704 1045 709 1053 .

483 1068 571 1117 noctis
588 1064 823 1135 aeternamm,
921 1074 925 1083 '

154 1141 256 1189 Aversa
271 1138 374 1203 superis
388 1151 485 1204 mgna,
505 1151 658 1206 manesque
676 1128 785 1203 impiios,

153 1208 349 1271 Dominamque
365 1205 449 1274 regni
467 1203 563 1255 initis.

85 1274 168 1329 Idem
186 1274 305 1343 Oedipo,
326 1274 388 1342 869.

436 1356 514 1411 tuque
530 1343 698 1394 tenebrarum
713 1353 819 1409 pateres,
840 1358 845 1365 ·

155 1413 191 1461 In
211 1410 326 1460 Tartara
342 1412 406 1476 ima,
423 1422 518 1464 rector
540 1412 716 1471 umbrarum,
736 1426 812 1477 rape.
835 1456 842 1465 ,
863 1460 868 1486 Ι

85 1479 123 1532 Et
139 1478 264 1531 Hercule
284 1478 400 1548 Oetaeo,
418 1498 445 1533 v.
467 1486 540 1552 1478·

452 1548 496 1599 iric
516 1549 574 1613 tibi,
592 1564 695 1600 emenso
714 1544 790 1597 freta

153 1614 313 1685 Terraeque
333 1617 503 1683 etumbras,
516 1617 588 1684 sinis
606 1629 737 1668 exiremus
754 1614 845 1667 daur.

86 1682 188 1753 virgil.
206 1687 277 1737 Aea.
296 1687 328 1751 V,
348 1702 409 1755 755.

362 1810 365 1814 ,
396 1773 451 1806 non
468 1772 509 1805 me
525 1757 609 1824 impia
626 1768 742 1821 namque

155 1822 274 1873 Tartara
291 1820 397 1888 habent,
415 1824 563 1894 tristesque
580 1822 706 1877 umbrae.

88 1896 118 1943 ct
133 1888 186 1941 elii
206 1890 316 1959 passim.
909 1892 917 1901 ‘

122 1958 164 2022 64.
186 1958 283 2007 Delius
299 1970 324 2007 et
344 1958 474 2009 Patareus
491 1958 596 2026 Apollo]
631 1956 727 2025 Codex
748 1954 854 2009 Notior
875 1950 909 2007 'V'

89 2026 140 2089 eis,
166 2026 276 2085 Βιὶιίιι,Ι
306 2034 338 2074 ut
356 2027 507 2093 utrobique
525 2026 634 2079 Graeca
651 2026 819 2079 enunciatic
837 2022 889 2091 sit,

88 2093 235 2211 gerarous,
254 2087 359 2158 Δήλιος
378 2090 426 2145 καὶ
443 2089 606 2161 autentu
632 2112 706 2163 non,
725 2102 757 2145 ut
775 2092 888 2159 Latini,
905 2088 943 2143 us

114 2172 253 2209 aturensis.

123 2228 157 2294 69
191 2228 362 2279 centimanus
385 2230 486 2299 Gyges]
526 2232 654 2301 Gyaesne
677 2249 713 2282 an
737 2232 813 2299 Gyas
837 2230 885 2283 hic
905 2226 942 2279 tie

89 2295 141 2362 sit,
180 2296 238 2347 iam
263 2312 347 2365 cupre
372 2297 555 2351 disseruimus
578 2303 613 2355 ad
636 2302 729 2352 Garm.
755 2302 800 2367 11,
834 2314 875 2369 17·
901 2302 931 2347 ΙΙ*

91 2363 195 2414 Rhoete
213 2380 294 2416 versu
311 2362 359 2415 hic
376 2381 424 2433 55,
453 2368 574 2421 diximus
591 2371 625 2421 ad
646 2370 740 2420 Germ.
759 2369 803 2431 ΙΙ,
834 2382 874 2434 19·
909 2362 942 2425 0!

61 2480 68 2495 ,
90 2430 166 2483 mele
185 2432 233 2483 hic
257 2435 290 2484 iu
306 2435 436 2487 omnihus
460 2436 513 2488 hoc
531 2448 560 2489 et
578 2440 724 2507 superiore
742 2434 856 2488 saeculo
872 2432 942 2485 editu

91 2500 293 2569 distinguitur,
318 2502 405 2553 Testis
424 2522 541 2556 mearum
559 2508 723 2557 centimanus
742 2505 835 2573 Gyges
852 2504 942 2557 Semta

90 2583 184 2620 notus:
201 2579 233 2620 tu
250 2587 316 2622 vero
335 2572 520 2641 interpunge:

163 2639 250 2689 Testis
268 2658 386 2691 incorum
405 2642 576 2693 Centimanus
593 2643 684 2709 Gyges

162 2708 364 2769 Sententiarum,
383 2723 461 2759 notus
478 2724 504 2761 et
520 2713 639 2778 integrae

165 2822 167 2829 ,
199 2774 327 2827 Tentator
345 2775 430 2829 Orion
448 2779 562 2830 Dianae.
887 2814 890 2821 ·

92 2843 139 2897 Sic
160 2842 253 2896 Germ.
273 2846 295 2911 Ι,
315 2862 356 2962 qq.
394 2846 484 2898 Fortis
503 2861 529 2897 et
546 2864 653 2915 asperas
674 2843 802 2899 Tractare
819 2856 941 2915 serpentes

92 2910 157 2981 peri
175 2913 261 2963 modo
279 2931 295 2964 ιι
313 2914 455 2983 perisque
474 2925 623 2985 peccatum
640 2922 708 2965 erat.
745 2915 780 2966 ln
799 2908 940 2985 vulgrini

91 2980 181 3046 tione,
204 2989 232 3030 et
249 2984 403 3034 sententiae
421 2982 462 3034 vis
479 2986 562 3051 perit,
582 2993 610 3035 et
627 2981 820 3035 collocationis
837 2982 931 3053 qratia

94 3050 214 3100 sinatus
231 3048 301 3099 adeo
318 3053 405 3114 testis,
434 3052 503 3119 quid
521 3069 591 3121 opus
611 3059 642 3102 ut
659 3050 706 3100 hic
725 3051 852 3103 citetur?
876 3062 941 3103 notu

93 3129 209 3167 tentator
234 3113 333 3181 Orion,
381 3118 467 3187 uippe
491 3137 575 3190 quem
593 3118 753 3187 Mvtliologi
773 3128 801 3170 et
820 3120 941 3183 Ροὲῑιιο]

93 3194 317 3236 commemorent
362 3138 453 3238 i'orro
473 3190 587 3251 eodeni,
617 3177 672 3254 quo
696 3204 761 3253 nos,
778 3187 875 3240 ¹ruoilo
897 3186 940 3238 iat

90 3262 165 3371 quat
190 3251 334 3305 Editionos
353 3254 500 3323 Principes
526 3259 629 3307 Veneta
655 3262 685 3304 ot
707 3254 859 3319 Loscheri3
890 3264 940 3307 tun

109 3320 285 3388 irrevianus,
317 3322 499 3390 Reginonsis,
530 3322 716 3392 Battelianus,
745 3324 901 3393 Petroniis,
924 3334 939 3373 ι

94 3406 162 3442 cum
181 3388 376 3460 Porphyrione
393 3391 556 3445 Scholiasta.

544 3474 585 3539 V.

129 3566 156 3621 8.
176 3562 318 3613 Consenuit
333 3579 484 3615 socerorum
499 3566 529 3615 in
547 3562 640 3633 armis]
677 3565 718 3616 Ite
737 3582 849 3633 omnes,
875 3556 937 3615 cresl
