2250 3990
385 146 449 188 ,ene
477 146 642 191 eoerrce·
931 138 995 202 749

277 202 283 227 t

48 230 142 291 iterim
174 228 206 281 iet
231 236 286 293 est,
316 236 347 277 ut
370 224 453 279 lectis
477 230 570 281 verbis
590 242 638 279 aur
659 230 772 281 vetustis
788 243 835 281 aut
853 234 994 287 translat-is

47 316 69 350 ‘e
106 310 185 349 enter
202 308 318 349 utamur.
354 294 397 345 De
416 294 532 363 Finibus
549 298 602 363 ΙΙΙ,
624 295 677 362 15.'
701 298 767 347 Cum
784 312 901 353 uteretur
920 292 994 359 Zeno

47 384 58 419 s
85 368 176 435 inpure
194 368 302 433 copioso
318 363 400 417 fectis
418 372 516 415 tnnreu
531 366 694 418 nominibus
712 382 745 417 ec
762 368 853 421 noeis.
887 372 922 423 Et
940 375 994 425 ite·

47 450 108 488 um:
132 434 187 487 Sed
199 452 254 485 non
271 432 388 483 alienum
402 446 450 497 cst,
472 452 521 501 quo
533 434 650 500 facilius
668 437 710 485 vis
722 436 798 485 verbi
811 438 991 507 intelligutur,

47 505 165 556 itionem
191 501 271 555 liuius
296 501 376 552 uerbi
404 500 528 552 luciendl
558 501 836 569 Zenonisexponere.
880 508 992 562 Gellius

47 572 110 640 111,
135 586 179 639 15.
216 570 271 638 Qui
287 570 373 621 verba
392 567 493 619 Lerina
511 572 655 637 fecerunt,
677 574 773 639 quique
791 572 834 622 his
852 578 992 641 prehensi

47 654 96 701 urt,
115 640 336 691 Httmnnitetem
353 640 554 705 appellauerunt
569 641 598 689 id
613 640 799 707 propemodum
812 644 883 709 quod
895 644 992 697 Graeci

47 706 164 789 uedelptu
180 720 287 757 uocant.
323 706 365 757 Ita
383 708 487 757 Graeci
507 708 620 775 dicunt,
643 700 769 774 ὀνόματα
787 713 878 763 ποιεῖν
898 720 926 764 et
944 731 991 767 πε·

47 792 181 843 repperiet.

53 858 100 913 59.
131 838 276 911 &matrem
296 857 435 913 praesente
453 825 533 911 noto]
571 842 666 896 Etiam
689 843 739 897 hic
763 845 844 901 locus
867 848 990 903 describi
1063 856 1070 863 “

46 922 174 967 teretur:
246 962 249 967 .

266 999 314 1048 ego
334 998 381 1030 cur
398 982 535 1049 acquirere
550 1000 639 1048 pauca

92 1052 127 1105 Si
145 1068 252 1117 possum
270 1048 414 1100 invideor?
434 1067 493 1099 curn
512 1051 608 1117 lingua
628 1051 738 1102 Catonis
755 1064 781 1102 et
800 1053 875 1104 Enni

91 1122 251 1172 Sermonem
268 1118 539 1235 porrpnmditaverit,
561 1133 586 1169 et
602 1138 673 1171 nova
691 1138 779 1172 rerum

88 1188 223 1245 Nomina
240 1195 323 1256 protu
337 1186 400 1237 erit.
435 1184 525 1236 Licrsit
541 1205 692 1255 semperque
710 1190 802 1241 licebit

91 1256 240 1325 Signatum
255 1268 393 1322 praesente
410 1268 474 1305 nota
492 1255 650 1322 producere
671 1274 786 1309 nomen.

46 1324 192 1379 liniue-nm
216 1340 283 1375 eane
307 1322 512 1393 epiphonema:
542 1322 634 1375 Licuit
658 1343 809 1393 semperque
827 1326 919 1378 licebit
940 1344 988 1379 no·
1037 1376 1041 1389 ,

46 1412 82 1445 en
97 1394 258 1461 producere.
293 1390 352 1441 Cur
370 1391 476 1457 igitur,
504 1391 528 1443 si
548 1390 603 1443 hoc
627 1392 667 1445 ita
694 1403 805 1445 certum
829 1404 856 1445 et
874 1412 988 1447 conces·

46 1478 84 1529 [m
107 1466 190 1527 er'et,
212 1469 259 1512 tot
284 1460 408 1511 uersibus
428 1458 622 1511 defensionem
650 1460 770 1531 perusti,
800 1463 873 1530 quod
900 1483 987 1531 pauca

46 1530 145 1583 smine
157 1528 338 1599 produxeris.
374 1527 472 1595 Vides,
502 1531 619 1596 opinor,
649 1530 768 1595 vitium3
797 1532 987 1583 criministur

45 1600 243 1664 telematioue,
264 1606 295 1647 ut
314 1612 392 1647 nunc
410 1597 525 1666 quidem
541 1596 648 1662 fertur,
667 1597 742 1649 nihil
759 1600 853 1667 arguti
872 1602 917 1666 us,
935 1618 986 1652 ne·

45 1684 77 1729 re
93 1662 265 1737 quidpiam,
285 1668 359 1733 quod
376 1682 435 1716 non
452 1665 483 1716 in
502 1668 561 1781 ipsu
577 1666 732 1733 nunnoni-up
750 1668 808 1716 sive
822 1668 987 1735 narratione

45 1736 130 1791 edum
147 1734 241 1785 verbis
258 1736 464 1785 contenebatur.
499 1734 574 1783 llud
592 1738 678 1785 etiem
699 1734 778 1798 vide,
798 1736 907 1784 uomina
923 1754 986 1801 pro·

45 1804 118 1870 derit
136 1810 167 1855 et
183 1800 321 1854 continuo
338 1817 434 1852 rursus
442 1800 603 1918 ¹‘prospicere'
618 1820 729 1851 nornen:
757 1801 819 1870 quis
836 1802 909 1853 ferat
926 1813 987 1867 tom

45 1872 173 1925 :ficetum
189 1872 390 1940 repetitionem
411 1878 469 1920 tarn
493 1870 510 1919 h
528 1869 574 1921 evi
596 1868 768 1923 intervallo?
796 1872 986 1939 nequeenim

45 1939 103 1993 {iud
121 1947 165 2002 eet
182 1940 327 2005 producere
346 1954 429 2007 quam
448 1939 575 2003 prolerre.
611 1933 814 2007 Quamobrem,
833 1948 883 1990 uut
902 1939 985 1993 valde

45 2008 120 2077 dlor,
141 2015 191 2059 eut
209 2008 250 2059 sic
268 2007 382 2077 scripsit
399 2005 539 2071 Horatius,

262 2076 339 2127 licuit
357 2084 509 2144 semperque
526 2072 618 2125 licelrit

70 2146 236 2213 ..Signatum
252 2158 389 2211 praesente
407 2162 469 2195 noso
488 2142 643 2213 procudere
660 2158 821 2197 nummum.

45 2224 56 2269 t
73 2214 224 2284 procudere
241 2214 357 2289 quidem
374 2214 503 2263 ficiuntur
521 2228 554 2262 en
571 2212 691 2280 seriptis,
707 2212 786 2281 epud
799 2212 981 2283 Lumbiuum,
1008 2214 1012 2233 '¹

44 2282 171 2337 chillam
190 2282 326 2349 Statium,
347 2282 475 2333 leronem
492 2280 528 2331 de
545 2281 647 2349 Nores,
668 2290 696 2330 et
713 2282 895 2335 Frmrciscu'm
913 2282 983 2337 Lut-

44 2368 136 2407 ttum:
150 2356 276 2418 'quorum
296 2348 460 2400 norissimus
478 2357 504 2399 et
523 2346 668 2397 Nummum
686 2364 716 2399 se
734 2348 868 2401 libentius
886 2350 983 2418 legere

45 2420 273 2489 unquentihus
295 2426 391 2469 tamen
414 2414 569 2467 editoribus
592 2432 650 2467 non
671 2417 765 2483 potnit
789 2416 844 2469 hoc
868 2435 983 2487 persua·

44 2505 97 2543 sto.
136 2488 223 2557 Atqui
240 2498 272 2538 ut
291 2485 377 2537 lectio
394 2494 522 2553 recepte,
545 2492 630 2551 prout
646 2482 703 2535 iem
723 2483 861 2553 vidimus,
886 2484 982 2539 inanis

45 2568 59 2611 t
82 2564 115 2611 et
141 2555 255 2627 putide,
285 2554 326 2608 ite
349 2570 420 2625 quae
439 2570 557 2623 nuncu
580 2552 660 2603 uobis
681 2550 853 2605 adsciscitur.
867 2556 982 2630 egregia

44 2640 137 2681 rorem
155 2634 185 2675 et
201 2638 337 2694 perquem
357 2633 473 2674 venusta
493 2632 541 2672 est.
577 2619 692 2671 Claudit
710 2637 812 2689 nempe
830 2638 983 2691 argumen-

44 2694 162 2749 tionem
182 2703 249 2745 notu
274 2692 326 2743 ille
350 2690 537 2743 similitudine
562 2705 579 2740 e
598 2692 721 2740 Nummo
746 2688 841 2755 petita.
890 2691 982 2745 Verhu

44 2762 164 2845 quidem
182 2770 214 2813 ut
238 2777 370 2813 nummus
389 2769 467 2825 eum,
495 2758 541 2809 cui
560 2756 654 2810 forme
673 2756 789 2827 publica
808 2766 857 2809 est.
907 2758 982 2823 Cum

44 2841 110 2895 rtur
133 2844 286 2883 nummum
310 2839 456 2897 praesente
479 2838 546 2879 note
571 2830 685 2895 signare
710 2843 768 2877 sem
791 2842 822 2875 er
843 2824 928 2879 licuit
952 2838 981 2881 et

44 2900 138 2955 :etita
167 2900 269 2968 quidni
288 2898 409 2949 tetidem
428 2900 471 2947 im
491 2896 545 2947 erit
562 2895 655 2947 verbis
678 2844 889 2962 procudendisl
923 2896 983 2949 No·

43 2968 143 3033 ssime,
173 2976 206 3017 ut
225 2966 299 3033 dixi,
331 2965 505 3035 comparatio
529 2972 570 3014 est
593 2961 731 3015 sermonis
754 2978 820 3014 cum
845 2963 978 3015 Moneto·¹

43 3038 88 3091 leo
116 3045 148 3086 ut
171 3035 248 3087 nude
272 3036 347 3101 apud
366 3036 498 3085 Nostrum
518 3033 607 3101 posita
630 3046 722 3099 neque
747 3030 914 3099 probatione
930 3048 980 3085 ne-

43 3122 72 3159 re
89 3103 355 3157 accommodatione
373 3102 524 3165 indigeret.
571 3098 756 3169 Symmachus
781 3098 869 3168 Epist.
893 3100 922 3168 1,
953 3118 977 3165 4.

43 3192 98 3226 nus·
116 3186 205 3223 aetate
225 3186 317 3223 nostro
343 3182 486 3222 monetent
510 3170 632 3223 Latiaris
657 3168 757 3235 eloquii
781 3166 912 3219 Tulliana
933 3170 979 3220 in·

43 3242 93 3295 ide
119 3241 232 3293 finxisti.
269 3239 465 3309 Quintiliorum
484 3239 507 3306 1,
527 3257 553 3308 9.
589 3232 755 3288 Consuetudo
774 3236 922 3287 certissima
940 3237 978 3287 lo·

43 3310 118 3362 tendi
137 3312 285 3375 mapistra:
304 3308 479 3373 utendumque
495 3309 574 3371 plane
591 3322 725 3369 sermone,
747 3316 775 3353 ut
795 3320 912 3355 nummo
930 3306 978 3355 cui

43 3378 137 3431 rblice
165 3378 256 3427 fornia
282 3385 330 3426 est.
376 3376 478 3427 Curius
505 3374 723 3429 Fortunatinnue
750 3370 800 3422 lib.
831 3373 884 3423 ΙΙΙ.
932 3373 979 3423 re·

43 3448 228 3515 *rfecrissinms
245 3446 322 3505 dieis,
345 3446 475 3495 lr'rsrnlum
494 3460 533 3496 est
553 3445 655 3505 vertis,
674 3456 702 3491 ns
718 3442 842 3491 nummis
861 3440 975 3507 publicu

43 3524 133 3571 oneta
149 3516 275 3583 riguntis.
310 3512 346 3563 Et
365 3512 485 3569 iterum:
504 3514 603 3583 riperto
619 3510 748 3579 quomodo
768 3510 820 3559 eris
839 3508 966 3560 elocutio.
