2250 3990
115 117 181 185 584
403 136 435 194 Q.
469 129 632 180 sonam
665 133 798 179 snaccr
818 108 831 123 ⁸

116 216 198 270 rides
213 215 358 271 curiosam
374 218 473 285 gulam
490 234 592 289 praece
612 216 682 269 toris
698 214 822 282 Catiani,
839 214 891 285 qui
908 212 1009 269 noluit
1024 230 1084 271 mer
1103 183 1121 302 i

117 288 187 337 riam
206 286 242 349 de
262 288 423 358 propinquo
441 302 475 337 ex
493 236 621 355 Antipoli
640 285 775 355 petitam,
794 284 842 338 sed
860 302 877 337 a
895 283 999 337 dissito
1016 284 1080 337 laco
1116 301 1121 357 ξ

119 354 164 407 rel
181 371 198 405 a
216 356 351 421 Byzantia
368 371 464 425 usque.
499 354 562 407 Iam
578 362 689 423 autem,
710 353 788 425 quod
805 362 907 419 restat,
929 360 1082 421 garum-et

118 420 1082 559 diutili}stituit?“intitulimim

271 532 319 611 istc
336 511 467 623 dividens,
485 560 556 628 quod
572 560 658 611 multa
674 557 773 612 fidelia
789 566 873 629 putet

189 628 225 679 In
242 627 373 696 locuplete
389 646 467 697 penu.

119 692 197 763 Ergo
215 694 301 764 plana
318 696 376 749 iam
393 705 459 749 sunt
476 693 590 761 omnia3
619 691 732 759 Muris,
755 692 868 764 inquit,
888 692 1019 745 utendum
1034 704 1082 761 est,

119 781 174 832 qua
190 782 253 815 orca
271 767 420 833 Byzantia,
449 762 509 815 sir‘e
531 772 602 815 testu
626 781 643 816 a
671 764 805 831 Byzantio
830 778 884 842 per
907 774 1084 815 mercatores
1101 763 1115 830 j

119 831 222 894 allata,
251 836 350 899 putuit.
386 832 521 885 Ceterum
542 830 625 884 doleo
643 832 737 884 sirum
756 830 906 885 eruditum
921 831 956 883 in
970 846 1085 901 nuper·
1115 885 1119 892 ,

120 915 171 955 sua
188 900 315 955 editione
333 902 373 953 sic
393 916 543 971 perperam
562 900 729 952 exhibuisse.
1110 891 1120 924 ³

190 969 256 1022 Nun
273 971 339 1032 atta,
356 986 436 1037 quam
453 986 521 1037 quae
538 968 672 1036 Byzantia
687 968 777 1037 putuit
795 985 869 1020 orca.

122 1034 186 1105 Qua
203 1035 298 1106 enim,
327 1053 385 1089 non
407 1054 488 1106 quae,
519 1036 626 1088 habent
648 1052 746 1089 omnes
763 1037 863 1106 scripti
884 1033 1016 1089 meliotis
1032 1050 1085 1089 no·
1116 1038 1121 1060 ²

120 1112 187 1163 tae„
211 1106 289 1175 Quid
308 1115 403 1158 autem
421 1105 454 1156 in
471 1102 525 1157 isari
542 1104 667 1157 lectione
683 1106 754 1157 boni
780 1115 835 1172 est,
864 1106 944 1173 quod
966 1122 1027 1157 non
1051 1104 1085 1158 iss

121 1182 236 1242 recepta
255 1172 342 1241 louge
358 1170 462 1225 melius
480 1172 537 1226 sit?
572 1173 656 1225 Certe
680 1192 745 1224 orca
766 1186 858 1240 putere
881 1172 976 1237 multo
995 1172 1083 1225 hone
1112 1184 1117 1192 ·

121 1240 191 1293 etius
213 1240 335 1306 dicitur,
369 1258 455 1310 quam
479 1242 541 1311 ipsa
564 1242 653 1313 muria
677 1240 709 1292 iu
734 1241 779 1293 ius
802 1242 972 1311 ingerenda.
1007 1240 1084 1293 'rum

121 1319 217 1361 autem
237 1309 304 1363 diva
319 1309 372 1363 illa
391 1312 559 1379 synaeresis,
585 1308 679 1361 versui
696 1309 778 1361 foede
795 1308 976 1363 claudicanti
991 1325 1008 1361 s
1023 1325 1083 1361 ma·

122 1377 208 1431 clsins
225 1378 411 1445 subveniens,
439 1378 471 1431 in
490 1378 596 1430 malam
621 1395 684 1429 rem
706 1378 752 1429 ire
770 1385 797 1429 et
814 1395 878 1431 suas
894 1378 952 1432 sihi
971 1393 1018 1430 res
1033 1376 1083 1431 ha-

120 1443 189 1497 bere
207 1446 307 1515 possit:
336 1446 525 1517 nequeenim
547 1446 643 1499 ullum
665 1446 714 1499 hic
733 1445 815 1499 ulcus
838 1456 896 1517 est,
925 1446 1007 1517 quod
1024 1453 1083 1499 um

122 1512 284 1568 deformem
303 1516 478 1569 medicinam
496 1514 634 1584 postuletx
1087 1520 1099 1555 ¹·

156 1592 200 1653 78.
224 1582 333 1651 Magna
351 1598 455 1663 movent
473 1583 609 1663 stomacho
620 1582 751 1664 fastidis]
787 1582 834 1635 Sic
854 1592 964 1663 veteres
981 1580 1082 1635 editio·

122 1650 1083 1791 instuit.iilttttzri'ltttsssstutz‘uulgatum

124 1801 211 1839 movet
228 1790 351 1858 reperit:
384 1790 473 1860 idque
490 1797 569 1842 recte
586 1788 717 1857 vulgatae
736 1787 856 1840 lectioni
872 1786 1025 1859 praetulit,
1054 1781 1082 1838 ei
1108 1791 1121 1826 ,=

122 1866 188 1937 ,post
216 1872 283 1911 eum
309 1851 487 1912 doctissimus
514 1857 658 1909 Bsxterus.
710 1856 852 1927 Equidem
878 1859 912 1907 in
926 1870 987 1917 ‚sex
1011 1854 1082 1907 meis

123 1924 202 1977 idem
222 1926 337 1993 inveni,
357 1926 499 1989 Galenus,
518 1925 662 1990 Patrensi,
689 1924 864 1991 Bamaliana,
889 1920 1079 2004 vigorniensi,
1117 1919 1121 1938 ¹

124 1993 273 2047 Socii-tatis
290 1996 414 2066 Regiae,
440 2004 468 2047 et
486 1993 610 2067 collegii
628 1992 791 2049 Trinitatis:
820 2009 894 2065 quae
914 2008 979 2046 sine
997 1990 1079 2045 dubie

124 2062 230 2115 melior
247 2064 389 2132 scriptura
407 2073 456 2129 est,

192 2130 299 2197 Magna
319 2142 412 2184 moret
429 2131 566 2183 stomacho
578 2132 708 2200 fastidia,
728 2150 775 2183 seu
793 2149 861 2199 puer
878 2138 933 2183 etc.

124 2197 217 2249 Ilionei
243 2200 290 2249 hic
315 2199 444 2252 absolute
471 2209 499 2251 et
524 2201 755 2271 impersonaliter
782 2200 907 2269 positum
933 2208 991 2257 est:
1019 2198 1079 2255 tide

124 2268 181 2319 Nos
201 2268 235 2319 ad
254 2268 343 2319 Serm.
365 2269 387 2335 1,
412 2286 450 2319 ιο.
471 2287 497 2320 v.
516 2279 558 2337 78.
594 2268 630 2321 Et
648 2279 809 2338 praeterea,
833 2286 901 2320 cum
917 2287 966 2321 seu
984 2278 1011 2323 et
1026 2272 1077 2321 ries

125 2334 297 2389 disiunctivu
317 2338 388 2402 sint,
420 2336 597 2405 singularem
616 2339 714 2408 utique
730 2353 892 2404 numerum,
912 2338 1076 2410 conplura·

125 2401 194 2472 lem,
214 2404 263 2456 hic
283 2406 442 2474 requirunt.

158 2485 200 2541 82.
226 2474 369 2542 Nequeunt
388 2474 541 2540 contiugere
561 2473 668 2541 mensis]
702 2474 851 2527 Editiones
875 2473 993 2544 quidem
1011 2472 1073 2545 ptis·

125 2557 190 2609 cae,
220 2556 362 2606 nequeunt.
405 2542 561 2593 Lambinus
585 2550 614 2595 et
636 2540 779 2612 Cruquius
803 2556 935 2612 nequeant
955 2545 992 2595 ,in
1017 2559 1073 2595 ccu-

124 2619 202 2661 textu
221 2611 375 2676 dederunt,
406 2610 519 2663 codices
542 2626 604 2661 suos
630 2612 729 2663 secuti.
765 2613 826 2681 Ego
854 2628 967 2691 quoque
985 2611 1016 2663 ia
1032 2628 1072 2679 op·

123 2679 196 2731 tirno
214 2679 370 2745 Reginensi
392 2688 419 2730 et
437 2687 571 2748 quattuor
588 2677 653 2729 aliis
677 2679 756 2732 idem
773 2696 884 2751 repen:
914 2682 1001 2751 idque
1023 2678 1070 2750 pie·

125 2755 177 2796 cet.
215 2742 367 2812 Nequeunt,
387 2756 418 2798 ut
437 2748 515 2815 prius
535 2746 660 2798 habeant.
1115 2768 1121 2806 -;

157 2828 200 2881 9⁰·
234 2814 309 2865 Nam
335 2817 456 2883 quamvis
483 2814 584 2881 reseras
608 2817 720 2865 memori
747 2814 815 2865 mihi
840 2827 947 2881 pectore
975 2810 1067 2879 cuncta]
1111 2859 1120 2890 f

124 2880 168 2933 ltu
186 2898 270 2934 sanc:
302 2885 370 2950 quia
394 2885 424 2934 in
450 2883 551 2952 primis
577 2881 752 2935 editionibus
776 2883 817 2935 sic
843 2884 931 2935 semel
951 2882 1067 2943 obtinuit,
1109 2911 1117 2952 -Ι

122 2964 208 2998 neruo
228 2950 360 3000 omnium
380 2951 414 3001 de
432 2950 494 3004 loco
512 2968 562 3003 suo
580 2951 635 3003 hoc
653 2968 771 3004 movere
788 2950 833 3003 rel
855 2953 1006 3020 cogitarit,
1030 2946 1066 3001 rel
1108 2953 1122 2998 l·

122 3015 264 3066 sustiuuit.
292 3019 377 3085 Atqui
397 3019 426 3069 iu
448 3020 579 3071 omnibus
595 3028 655 3073 tam
678 3021 860 3083 Bersmenni‚
881 3038 967 3089 quum
984 3015 1068 3072 assuit
1109 3035 1116 3076 .·

123 3082 273 3159 codicibus
294 3085 393 3148 (addc,
422 3086 445 3137 si
469 3088 524 3153 vis,
555 3097 584 3139 et
601 3088 739 3155 aliorum,
768 3088 817 3158 qui
835 3087 884 3140 hic
902 3094 1005 3154 tacent)
1022 3083 1066 3140 alit
1104 3087 1121 3167 {a

121 3149 224 3202 ordme
241 3152 327 3203 verita
348 3152 535 3222 collocantur,
1104 3167 1107 3174 '

190 3217 264 3267 Nam
283 3224 404 3283 quamuis
422 3223 543 3273 memori
563 3221 670 3276 relerss
688 3223 756 3274 mihi
772 3238 877 3292 pertore
894 3236 996 3275 cuncta.

121 3284 199 3354 Q'uin
220 3294 248 3335 et
265 3287 364 3339 eodem
384 3292 468 3342 mado
491 3293 564 3342 haec
585 3293 656 3344 sinu
680 3293 842 3345 Priscianus
867 3311 894 3362 p.
916 3310 974 3363 77²·
998 3294 1063 3354 stul!
1111 3290 1120 3343 '.

121 3353 163 3403 ibi
182 3353 221 3403 sic
234 3353 370 3407 exhibent
385 3368 518 3425 quattuor
531 3359 670 3412 Prisciani
688 3362 863 3431 exemplaria
881 3358 1062 3471 manuscripta
1117 3391 1121 3410 ι

122 3437 195 3487 quae
213 3421 382 3475 consulendi
402 3427 474 3477 milri
496 3428 578 3495 copia
597 3436 666 3480 erat.
702 3430 846 3497 Ceterum,
867 3431 917 3499 qui
936 3429 1005 3479 lianc
1029 3434 1062 3471 w
1115 3428 1121 3481 J:

122 3488 230 3540 tionem
247 3490 363 3559 vulgata
381 3494 589 3564 elegantiorem
606 3514 665 3550 esse
687 3514 746 3551 non
770 3501 867 3552 statim
891 3487 1061 3569 persentiscit?
