2250 3990
74 160 97 223 8
321 214 323 219 .
361 180 392 233 o.
431 170 590 220 norom
624 148 764 232 snuoot'

78 257 179 312 Horat.
197 257 295 311 Germ.
312 261 342 326 1,
363 272 405 329 13.
485 258 491 321 ',

124 329 234 447 IIUror,
254 346 301 380 seu
320 328 370 381 tibi
389 324 523 383 candidos
545 327 702 399 Turporuut
720 326 870 385 hemeran·

78 403 108 448 ot
130 455 134 463 1
162 413 214 464 ,5.
362 426 365 431 -
703 420 706 427 ·

147 464 215 515 Non
231 464 341 517 Chloris
360 467 420 519 aldo
439 466 478 517 sio
494 466 615 519 humero
634 464 739 518 nitens.

80 531 166 599 Quod
182 533 207 585 si
223 532 339 586 humeri
354 534 521 588 mortalium
537 543 616 587 recte
635 534 772 587 dicuntur
792 535 920 596 candere,
940 528 1039 587 'multo

78 602 170 668 magis
188 601 347 669 Apollinis,
367 604 417 675 qui
433 613 524 672 totus,
544 612 664 675 quantus
683 612 805 674 quantus
823 611 880 669 est,
898 600 995 673 fulget
1010 610 1040 655 et

78 668 189 721 candet.
211 671 289 740 Virg.
308 673 392 738 vm,
412 686 471 742 720·
766 706 769 717 ·

149 739 212 804 Ipse
231 741 324 791 sedens
341 742 418 791 niveo
437 738 584 793 candentis
603 739 695 811 limine
714 737 824 791 Phoebi

149 807 231 858 Dona
250 811 415 873 recognoscit
432 809 600 876 populorum.

116 881 160 941 39.
180 877 247 927 Acer
264 889 289 927 et
306 876 402 926 Mauri
416 878 515 944 peditis
532 891 671 928 cruentum
689 876 784 927 Vultus
800 877 829 943 in
839 871 967 943 hostem].
987 873 1039 927 Vir

50 1006 53 1011 Ι
80 942 277 1009 sagacissimus
296 942 424 1014 Tanaqu.
442 945 547 1010 Faber,
566 944 821 1015 Emenda‚=inquit,
842 944 942 1008 Marsi,
963 942 1038 993 Nom

82 1010 180 1062 Mauri
195 1012 332 1065 imbelles:
348 1013 414 1065 olim
433 1015 621 1065 correctionem
637 1014 763 1083 probabo.
799 1012 835 1064 Et
851 1012 883 1062 in
903 1011 979 1062 hanc
995 1028 1039 1064 so·

84 1079 145 1130 ceri
162 1080 207 1132 sui
224 1081 395 1134 sententiam
412 1080 545 1134 concedit
564 1081 769 1134 celeberrimus
788 1076 958 1141 Ducerius3¹
971 1088 1053 1151 pro·'

82 1151 202 1201 missum
219 1157 315 1203 tomen
334 1151 396 1202 eius
413 1150 534 1202 minime
552 1149 688 1204 absolsit:
718 1149 793 1201 illud
812 1148 892 1200 addit
908 1147 1038 1213 unicum,

82 1216 124 1265 sic
142 1229 231 1267 extare
249 1219 279 1268 in
295 1221 407 1270 vetustis
424 1219 591 1270 editionibus.
622 1220 822 1296 „Magnopere
846 1216 982 1286 equidem
1000 1216 1041 1267 vi·

83 1283 152 1335 dere
170 1284 276 1338 vellem
293 1294 352 1339 tam
368 1304 454 1353 raras,
473 1295 700 1357 quesmemoret,
720 1287 873 1337 editiones:
900 1284 1041 1353 plurimas

81 1350 159 1403 milri
175 1369 229 1406 usu
246 1355 325 1411 vonit
343 1356 500 1426 inspicere3
529 1355 698 1409 veterrimas
714 1355 746 1406 in
763 1354 896 1405 manibus
913 1353 973 1404 iam
992 1351 1043 1403 iro·

83 1420 155 1487 lte03
183 1421 260 1475 nihil
283 1438 378 1476 temen
402 1425 558 1495 quiequam
580 1423 627 1476 rel
652 1423 773 1492 legendo
797 1421 947 1473 vellendo
965 1420 1042 1473 mihi
1062 1448 1065 1453 ·

83 1499 265 1559 cotnpertum
282 1501 323 1545 est
340 1493 375 1544 de
392 1509 426 1544 ea
442 1492 582 1545 lectione:
604 1500 636 1544 ut
653 1490 739 1562 plone
750 1507 858 1558 verear,
879 1507 916 1540 ne
928 1489 956 1540 ei
967 1488 1041 1541 som·

82 1557 167 1608 nium
184 1557 240 1611 hoc
257 1559 434 1613 advolaverit
449 1576 502 1633 per
518 1561 675 1613 eburneam
692 1569 814 1631 portam.
870 1557 970 1610 Nihilo
996 1566 1037 1609 tu·
1061 1594 1065 1605 .

83 1641 153 1677 men
171 1627 261 1680 secius
278 1630 440 1682 emendatio
459 1630 513 1682 ista
531 1629 690 1682 certissime
706 1637 755 1698 est,
774 1624 987 1695 refragantibus
1005 1625 1041 1677 li·

85 1701 133 1744 oet
151 1696 392 1767 omnituentes,
412 1707 441 1750 et
457 1698 571 1769 scriptis
589 1708 619 1750 et
632 1695 725 1750 editis.
763 1696 877 1767 Quippe
896 1695 968 1746 haec
986 1693 1058 1747 mi.

84 1761 145 1815 litis
165 1764 320 1837 descriptio
339 1776 395 1834 est,
421 1774 450 1820 et
469 1768 573 1832 Fortis,
601 1776 629 1818 et
646 1767 763 1831 Peditis,
793 1773 822 1815 et
840 1764 968 1815 Cominus
984 1776 1039 1813 stat
1064 1776 1067 1781 ·

85 1831 185 1900 bilique
202 1836 270 1903 pede
289 1854 349 1899 oum
365 1836 440 1886 hoste
456 1836 612 1903 pugnantis.
664 1834 734 1886 Tria
759 1832 830 1885 haec
853 1830 940 1901 plane
962 1830 1039 1882 indi·

85 1909 189 1952 cuntitr
205 1903 249 1954 his
270 1904 378 1971 verbis,
394 1916 396 1921 '
410 1906 477 1954 Acer
493 1903 591 1970 peditis
608 1902 698 1957 vultus
717 1904 747 1952 in
765 1900 867 1952 hostem
884 1912 1040 1951 cruentum:

83 1983 208 2037 quorum
226 1987 263 2022 ne
281 1988 372 2022 uuum
389 1970 505 2040 quidem
522 1970 632 2021 Mauris
655 1971 810 2022 convenire
835 1969 894 2019 iam
916 1967 973 2037 tihi
998 1984 1041 2020 os·

83 2038 202 2090 tendam
263 2037 413 2106 Principio
431 2038 555 2090 multum
572 2039 664 2104 obest,
690 2046 722 2089 ut
740 2038 772 2089 hi
784 2038 885 2088 ¹*Fortes
901 2033 1041 2089 haheren-

82 2110 149 2173 tur;
169 2115 265 2176 utpote
282 2106 431 2177 Hispanis,
450 2114 479 2157 et
493 2104 602 2171 Gallio,
627 2106 735 2157 nedum
752 2103 903 2171 Romanis,
932 2105 1039 2159 virtute

82 2171 246 2227 inferiores.
296 2174 407 2226 Hirtius
425 2173 461 2226 de
478 2173 559 2227 Bello
579 2174 714 2226 Africano
733 2191 794 2243 cup.
821 2175 847 2226 6.
866 2173 971 2225 Accidit
997 2192 1039 2224 ree

83 2243 259 2307 incredibilis,
276 2256 307 2293 ut
325 2261 337 2294 e
357 2244 425 2293 uites
444 2245 533 2293 minus
549 2244 665 2310 triginta
680 2243 759 2293 reato·
778 2243 949 2294 Maurorum
965 2245 1039 2311 equi·

84 2324 141 2361 tum
161 2312 212 2362 duo
232 2311 322 2362 millia
338 2262 395 2363 loco
412 2312 556 2379 pellerent,
582 2324 755 2379 urgerentque
771 2312 803 2361 in
819 2311 953 2377 oppidum.
988 2310 1038 2361 Li«

82 2379 147 2431 vius
164 2379 273 2445 XXIII,
295 2381 338 2432 26.
364 2378 433 2431 ΙΝιο
451 2380 574 2431 Numida
590 2379 712 2447 Hispano
731 2397 810 2447 eques
827 2396 879 2445 par
888 2377 964 2445 suit,
989 2395 1037 2429 neo

82 2447 217 2498 iaculator
233 2448 354 2500 Maurus
370 2461 486 2513 cetrato,
506 2446 646 2499 velocitate
665 2449 736 2515 pori,
757 2448 849 2499 robore
869 2448 954 2497 animi
971 2448 1037 2497 viri-

55 2576 59 2586 ι
81 2534 178 2584 nmque
200 2517 368 2586 aliquantum
391 2517 547 2585 praestanti.
599 2518 698 2634 Nepae
721 2532 790 2567 vero
816 2515 922 2567 Pedites
939 2513 1038 2566 Mauri

81 2582 143 2637 ullo
160 2583 190 2635 in
208 2600 328 2637 numero
346 2594 443 2644 eruntt
470 2587 600 2653 Equitum
618 2602 647 2637 so
662 2603 679 2636 o
699 2583 811 2636 valebat
829 2598 862 2636 ee
879 2598 965 2651 genu
982 2598 1037 2635 neo

82 2652 350 2723 Cominus'denique
368 2654 413 2706 rel
431 2654 505 2705 iusta
521 2654 585 2705 soie
605 2653 785 2722 pugnabunt,
804 2651 854 2703 sed
873 2654 990 2715 eminus,
1009 2658 1038 2702 et

80 2719 254 2777 Parthorum
270 2722 331 2773 iere
348 2737 429 2775 more
446 2721 541 2773 stetim
558 2721 743 2789 refugientes,
762 2721 813 2772 ubi
832 2718 929 2771 incula
947 2717 1038 2789 semei

80 2788 242 2842 emiserant.
277 2790 373 2845 Valer.
391 2789 509 2856 Flaccus
526 2790 586 2856 111,
605 2801 665 2858 587.

149 2858 204 2975 {tte
219 2858 293 2909 velut
310 2858 418 2927 Reiugi
435 2876 512 2929 quern
531 2859 644 2924 contigit
661 2858 783 2926 improba
802 2855 901 2908 Mauri

175 2943 266 2976 ancla-
640 2962 644 2979 r
699 2958 701 2962 “

79 2991 192 3046 Hirtius
211 3010 274 3064 cap.
298 3012 324 3064 7.
351 2995 442 3045 Subito
467 2992 584 3064 Equites
607 2994 719 3062 Mauri,
756 3010 841 3063 neque
864 2991 1039 3059 opinantibus

81 3059 263 3127 Caesarianis,
280 3064 395 3129 remiges
411 3063 514 3127 adorti,
536 3064 634 3114 multos
652 3064 749 3114 iaculis
766 3062 1037 3125 convulneraverunt,

79 3130 225 3181 nonnullos
241 3131 440 3198 interfecerunt.
492 3131 592 3183 Latent
609 3133 680 3183 enim
699 3132 729 3182 in
745 3129 853 3181 insidiis
877 3143 937 3179 cum
962 3130 1042 3199 equis
1071 3186 1074 3191 ¹

78 3198 150 3248 inter
168 3199 318 3263 convalles,
350 3212 376 3249 et
391 3199 488 3253 salito-
505 3202 637 3265 existunt,
666 3216 725 3251 nou
743 3212 773 3249 ut
788 3200 819 3250 in
836 3214 928 3263 eampo
946 3197 1037 3249 oomi-

77 3280 132 3318 nus
151 3268 311 3334 depugnent.
335 3283 395 3332 oap.
420 3262 486 3338 97‚'
499 3267 615 3337 Equites
631 3265 730 3321 Mauri
755 3264 960 3335 atque=6aetuli
982 3283 1038 3316 non
1078 3288 1081 3331 ς

80 3336 238 3403 aciemque
262 3335 325 3388 ullo
346 3352 430 3387 more
453 3336 574 3405 proelii,
602 3337 649 3387 sed
675 3337 831 3386 catervatim
852 3335 893 3383 uti
919 3348 1037 3401 quosque

72 3402 137 3473 s⁰s⁸
155 3404 377 3470 conglobaverat,
396 3406 427 3455 in
444 3417 549 3455 nostros
564 3406 713 3455 incurrunt.
766 3402 883 3454 Tuoituo
899 3401 973 3454 Hist.
994 3402 1034 3469 11,

78 3481 122 3537 58.
177 3472 277 3539 Ingens
301 3473 472 3525 Risurorum
498 3488 620 3523 numeros
662 3490 690 3521 er
716 3469 868 3524 latrocinia
893 3476 921 3520 et
937 3476 1037 3539 ruptus

77 3550 147 3608 apto
164 3539 234 3593 dello
251 3556 356 3595 manus.
392 3539 567 3596 Claudianus
583 3539 619 3597 de
636 3489 716 3595 dello
736 3538 903 3595 Gildouico.
921 3550 982 3608 452.
