2228 3900
84 117 152 183 478
374 133 406 188 o.
441 131 601 175 nonarrr
631 131 778 174 runcor-

85 219 145 268 rinr
160 214 319 283 Dionysius.
354 200 509 279 Gruterus,
539 214 622 280 1036,
651 232 676 267 a.
716 208 898 267 tunneto
920 201 1053 265 ntottt·'

86 284 157 337 Sto.
193 294 252 351 845,
269 301 299 401 ᾗ·
336 281 377 333 Μ.
395 279 476 333 Aru
493 281 723 335 ΔιοΝΤΣΙοΝ.
758 282 866 334 Merm
893 275 1032 403 betatap

85 366 147 421 425·
185 353 265 403 ΜΛ]
295 350 376 402 PIUS
393 350 596 403 DIONYSIUS.
630 350 671 402 Μ.
699 348 827 403 IULIUS
844 348 1012 405 DIONYSlll

86 418 830 544 vete·lllltt‘ltllltttritlbltttlll‘ll
847 417 944 473 aare„
956 418 1032 489 ''¹⁵¹‘'

157 556 249 620 Nune,
268 557 333 623 quia
350 573 408 607 snm
425 556 483 620 tibi,
500 556 656 621 Maecenas,
673 556 828 625 conuictam
844 568 875 609 at
891 556 964 623 olim,

158 624 238 693 Quod
258 624 325 685 milti
340 637 448 692 pareret
464 625 535 691 legio
554 626 679 676 Romana
697 624 816 677 tribuno.

87 712 174 766 quem
192 693 279 745 etiam
296 702 454 761 agnoscunt
471 697 599 745 caeterae
616 693 757 746 editione·
773 692 896 763 prireee,
914 700 943 745 et
959 688 1032 746 notul

88 764 333 831 codiceepraeter
349 778 440 813 unum
457 770 601 813 recentem
622 778 737 822 emnem
758 770 959 833 praeterquam
973 758 1033 831 qued
1056 785 1059 792 ·

77 832 185 903 'plures
203 846 237 883 ex
255 831 291 880 iis
306 830 357 880 sim
375 831 513 896 habeant,
545 847 605 883 non
623 848 691 883 snm.
726 829 810 883 Idem
829 828 866 881 da
882 830 939 883 cuir
987 828 1033 881 rbi·

74 904 157 955 ‘bent
174 898 349 951 Pnlmannua
366 899 626 968 Bersmannurque;
651 915 689 949 ne
709 896 745 949 de
762 907 942 951 caeterorum
954 845 1032 963 ffbtlr,

87 972 142 1023 etsi
166 968 221 1037 ipsi
247 975 370 1032 taceant,
401 967 520 1018 dubites.
569 967 640 1037 Quia
662 966 773 1035 primur
796 974 900 1019 contre
921 974 1032 1019 veterum

87 1036 294 1107 exemplarium
313 1027 399 1087 sidem
416 1036 583 1101 mutaverit,
606 1034 716 1088 nereio:
744 1032 796 1087 red
812 1036 859 1100 id,
884 1044 919 1087 nt
934 1027 1031 1106 opiner,

83 1123 171 1160 aeteus
189 1112 237 1170 est,
258 1119 312 1171 quo
332 1120 426 1155 versus
443 1102 783 1156 nunteroriorevaderet.
817 1104 877 1159 Nor
892 1120 971 1171 vero,
984 1112 1032 1155 tritt

87 1171 241 1229 fastidiosis
258 1171 374 1222 auribus
391 1171 487 1223 valere
504 1172 601 1241 iussis,
627 1173 689 1243 ipra
706 1168 894 1241 simplicitate
911 1168 1031 1241 competi·

32 1285 35 1301 .
87 1244 178 1295 tionis
203 1239 343 1309 capimur.
392 1241 491 1308 Neque
516 1259 584 1294 vero
610 1240 726 1292 numeri
753 1238 874 1294 viliores
897 1239 945 1293 hic
968 1246 1029 1307 nrt,

86 1327 175 1381 qnam
192 1324 275 1388 saepe
293 1308 363 1387 aliae
378 1308 409 1357 in
430 1308 475 1359 hir
492 1311 686 1363 sermonibus.
844 1376 851 1389 .
999 1374 1005 1385 ι

86 1376 1030 1514 „ttd‘lttllssttzss⁰t1l⁰20lsstfttllrmlii

78 1515 194 1583 felicem
212 1512 262 1563 lter
283 1530 345 1563 casn
362 1513 594 1584 distinguendum
611 1532 686 1580 esee3
714 1513 764 1566 red
787 1512 840 1566 boe
862 1514 922 1566 sive
943 1512 1028 1565 baete

77 1584 209 1651 filicem,
228 1583 296 1651 qnod
314 1600 378 1633 casu
394 1588 512 1635 sortitus.
547 1585 624 1654 Quin
649 1592 677 1635 et
698 1581 831 1635 Danielis
855 1579 962 1635 Heinrfi
980 1594 1027 1633 tter

84 1652 156 1705 ielix
173 1652 354 1716 coniectura,
385 1652 435 1721 qui
453 1651 498 1703 hie
517 1669 571 1731 pro
590 1652 641 1703 ltoc
659 1650 833 1705 substituere
850 1650 954 1718 uoluit,
980 1649 1028 1702 ir!

84 1720 122 1775 ab
140 1718 272 1773 omnibus
288 1720 403 1789 explosa
419 1729 468 1773 est.
501 1720 549 1773 Sic
566 1738 635 1791 ergo
652 1719 750 1772 locum
769 1720 953 1788 consuerunt,
1053 1735 1056 1744 ·

449 1827 452 1831 -
479 1789 593 1856 felicem
611 1790 699 1840 dicere
715 1806 772 1839 non
786 1786 841 1840 ltoe

152 1855 202 1907 Me
218 1872 333 1922 possum,
351 1872 414 1907 casn
431 1859 500 1925 qreod
519 1872 545 1909 te
561 1860 672 1909 sortitae
687 1858 823 1908 enricum:

155 1923 246 1974 Nulla
263 1926 359 1973 etenim
379 1926 428 1975 tibi
447 1945 488 1977 me
498 1926 563 1993 sors
579 1926 684 1977 obtulit.

83 1993 122 2045 Et
137 2010 243 2061 possum
261 1992 401 2071 quidem,
421 1992 479 2071 eive
497 1996 574 2113 ‹pluod
590 1996 622 2046 in
640 1993 771 2063 pluribus
787 2001 831 2046 ert
845 1992 956 2073 possim,
976 1980 1023 2043 Olli·

83 2079 135 2114 nee
154 2075 223 2137 quoe
240 2060 363 2111 viderim
382 2060 449 2111 hbrr
468 2080 501 2113 ex
522 2065 611 2133 ibent,
633 2072 661 2113 et
678 2071 788 2115 veterae
806 2062 951 2115 editioner.
980 2058 1022 2109 Τί·
1050 2081 1053 2088 ·

83 2146 168 2193 men,
199 2144 222 2178 ιι
240 2142 340 2178 verum
364 2128 593 2197 dicendumst,
625 2132 807 2199 arrogantiae
830 2130 900 2201 quid
924 2142 983 2201 prae
998 2136 1021 2175 tt

83 2198 162 2251 ferre
181 2195 295 2246 videtur
312 2195 394 2264 illud,
415 2196 481 2247 Non
499 2217 611 2268 possum
629 2218 658 2251 eo
679 2218 720 2251 me
729 2198 845 2266 felicem
862 2200 953 2263 dicere,
967 2188 1020 2263 Μ

82 2278 180 2318 nectus
196 2264 247 2313 sim
264 2277 289 2314 te
307 2265 429 2315 amicum.
471 2268 551 2320 Itane
574 2269 664 2322 vero?
698 2269 764 2320 Nun
788 2283 928 2336 cognosco
947 2273 1017 2324 nm,

84 2334 111 2387 0
130 2333 247 2398 Flacca,
268 2341 326 2383 tam
345 2335 508 2401 superbum.
545 2339 582 2390 Ut
605 2338 682 2389 enim
700 2335 758 2389 hoe
775 2353 845 2389 vere
861 2333 918 2388 dici
934 2336 1017 2405 portel?

83 2411 116 2453 tn
138 2411 235 2455 tamen
262 2418 319 2453 non
344 2401 463 2456 idonens
489 2406 539 2475 qui
563 2406 595 2457 id
617 2406 751 2457 dicerem·
780 2405 880 2476 Neque
903 2406 1017 2477 verost

81 2470 156 2526 bene
180 2479 209 2521 te
233 2470 377 2536 novimus,
408 2471 503 2525 dicere
526 2490 654 2544 unquam
677 2472 804 2527 voluisti.
854 2472 929 2525 Ecce
948 2478 1015 2525 enm·

80 2558 168 2619 quam
185 2540 398 2593 commentator
414 2550 493 2595 vetur
509 2544 664 2596 memoriae
681 2542 811 2611 tradidit,
828 2540 965 2597 saniorem
975 2532 1016 2587 ΙΨ

80 2618 205 2661 tionem:
638 2634 646 2663 t

389 2675 391 2683 '
423 2677 537 2744 felicem
554 2680 642 2731 dicere
660 2694 716 2731 netz
731 2676 785 2730 hoe

148 2743 198 2795 Me
219 2754 344 2815 potsunt,
364 2764 428 2797 cusu
446 2748 514 2816 quod
533 2761 558 2798 te
575 2751 685 2799 sortitus
702 2749 830 2801 amicum.

79 2808 132 2860 hee
150 2825 205 2875 est,
231 2823 264 2865 nt
286 2816 371 2867 verba
389 2825 454 2867 sunt
470 2815 643 2870 scholiastae
661 2816 840 2886 Cruquiani,
867 2832 923 2868 non
941 2810 1018 2864 nem

80 2895 123 2927 me
133 2880 246 2944 felicem
264 2886 400 2933 norninare
424 2884 542 2952 debent,
572 2887 642 2954 quod
659 2902 723 2935 casu
740 2885 834 2956 aliquo
853 2883 1019 2951 autfertum

80 2944 211 3012 beneficio
230 2949 279 2998 tibi
294 2955 345 3001 rim
355 2952 451 3017 sactus
468 2956 587 3016 amicus,·
616 2971 676 3004 cum
697 2952 853 3019 nullafors
872 2971 912 3005 me
927 2944 1020 3024 atiel».
1050 2947 1053 2954 '

79 3014 187 3079 tuterit,
212 3018 259 3065 sed
276 3022 421 3071 etnicernm
438 3034 464 3071 et
481 3025 600 3073 virorum
617 3023 746 3071 bonorum
766 3020 968 3080 commendatio,
983 3026 1020 3082 φῖ

79 3099 121 3133 me
138 3097 274 3135 noverant.
310 3088 452 3157 Agnoscis,
474 3090 583 3159 opinor,
603 3090 696 3157 hunc,
716 3088 845 3159 quisquis
861 3099 936 3157 eret,
953 3096 1020 3159 tw:

78 3159 204 3203 retorem
222 3169 280 3203 non
299 3173 419 3222 possum,
437 3166 469 3209 ut
488 3175 565 3211 nune
583 3159 718 3226 habetur,
739 3156 789 3210 red
805 3170 916 3225 possum
932 3155 962 3207 in
974 3160 1021 3206 rut!

79 3219 149 3273 olim
167 3221 375 3290 exemplaribus
392 3227 538 3295 reperisse.
574 3228 700 3349 (dumam
718 3235 814 3278 autem
831 3225 896 3293 illi,
914 3222 960 3295 qui
975 3218 1020 3272 tu
1054 3235 1058 3246 ·

77 3304 136 3341 non
158 3300 274 3358 possunt
291 3309 357 3344 vere
380 3294 497 3347 dicere?
527 3296 587 3348 invi
609 3298 620 3348 i
643 3310 748 3364 nempe
772 3302 801 3346 et
825 3294 1019 3350 obtrectatum

77 3358 128 3428 qui
148 3356 276 3429 quotidie
294 3363 390 3413 rodunt
407 3382 448 3414 me
465 3364 590 3417 libertino
607 3378 684 3433 patre
702 3376 813 3423 nctum,·
830 3362 881 3433 qui
900 3358 1034 3420 totietate,

76 3442 124 3479 me
150 3425 286 3496 quadam,
318 3439 347 3480 et
370 3431 452 3485 nullo
476 3450 541 3486 meo
564 3433 684 3500 merito,
715 3432 751 3485 ad
774 3430 933 3485 amicitiam
954 3435 1022 3479 tum

69 3496 238 3627 pervenipse
257 3499 450 3557 mentiuntur.
481 3502 531 3557 Sic
546 3504 627 3556 emm
639 3500 782 3555 Gutum
795 3498 859 3569 ille,
876 3499 965 3555 διῐιιι.
979 3489 1022 3561 Π,

64 3584 110 3643 45·
131 3572 170 3630 de
209 3589 249 3627 ao
264 3571 331 3647 ipsa
345 3589 392 3644 re,
