2250 3990
173 276 375 319 caauruuu
414 278 485 328 ure.
518 260 561 327 11.
783 272 847 337 13⁵

45 354 138 406 uilium
161 357 331 411 substituere
358 358 466 417 voluit:
494 379 530 413 ne
569 380 586 415 e
608 365 688 419 enini
711 372 848 423 convenit

46 434 218 479 enumeras.
254 429 298 481 De
322 430 444 483 Metelle
460 432 525 483 Tici
546 450 579 484 ae
595 436 676 525 testie
696 441 784 491 etiem
802 449 844 494 est

45 492 108 543 'rist
129 495 167 561 Π,
187 513 213 546 v.
233 506 293 562 433.

45 561 157 626 reseram
175 564 301 633 Ticidae,
321 566 386 633 quid
404 565 519 617 Memmi
537 585 652 637 carmen,
670 576 740 643 apud
756 594 823 645 quor
893 582 896 589 ⁴

45 648 77 691 us
95 632 169 681 abest
184 651 295 699 nomen,
306 635 507 703 nominibusque
524 638 631 705 pudor?

57 716 158 767 quoque
177 699 220 751 his
237 718 322 752 comes
340 715 387 766 est,
407 704 546 771 Cinnaque
561 710 700 771 procacior
716 713 809 781 Anser,

48 785 94 817 eve
113 768 253 835 Cornifici,
270 788 371 838 parque
388 772 501 822 Catonis
517 792 600 839 opus:

45 854 114 885 irum
130 836 209 888 libris
224 839 301 888 modo
317 840 488 889 dissimulata
502 840 635 911 Perillae,

45 905 99 957 sine
116 923 185 961 nune
203 906 302 972 legitur
317 907 399 969 dioto,
417 908 545 975 Metelle,
566 924 619 961 tuo.
758 956 761 961 .

45 971 162 1023 Ticidam
180 974 279 1040 modo,
304 974 355 1027 sed
370 974 558 1045 Memmium,
587 978 726 1047 Cinnam,
753 982 840 1035 Anse-

45 1040 188 1108 aiiloium‚
217 1042 371 1110 Catonem,
397 1042 525 1111 aliosque
542 1044 697 1115 memorat,
719 1049 769 1115 qui
786 1050 837 1103 suh

46 1107 91 1160 lae
110 1109 227 1160 nomine
252 1126 367 1163 amores
386 1126 451 1163 euos
473 1130 540 1164 oum
563 1115 685 1167 Metella
711 1118 837 1169 versibus

45 1187 75 1230 rt:
106 1177 190 1247 atqu'e
207 1177 238 1237 id
262 1179 405 1248 imprimis
429 1182 588 1233 notandum
612 1183 705 1251 addit,
735 1202 837 1243 veruru
887 1220 890 1225 -

45 1244 144 1297 stellae
161 1263 268 1299 nomeu
294 1256 489 1317 (postrorum
515 1252 599 1302 credo
619 1251 724 1313 obitus)
751 1252 837 1305 eLi·

45 1314 153 1375 oeitum
170 1331 241 1394 esee,
269 1316 335 1367 licto
352 1314 405 1369 illo
425 1317 542 1377 reiecto.
579 1319 731 1373 Caeterum
757 1319 837 1373 nihil

45 1390 71 1434 rt
90 1400 157 1434 oum
172 1402 211 1453 τῳ
231 1379 307 1445 πάνυ
326 1384 445 1437 Nicolao
464 1385 583 1440 Heinsio
599 1384 775 1443 versiculum
792 1390 836 1441 ul·

52 1452 233 1520 refragamus,
251 1451 349 1503 inritis
369 1453 531 1507 codicibus:
821 1456 824 1461 '

48 1538 61 1569 e
79 1538 150 1570 nunc
166 1521 266 1586 legitur
282 1522 355 1570 diota
374 1522 493 1574 Metella
510 1538 570 1573 suo.
589 1568 594 1575 .

45 1587 92 1641 atio
111 1587 224 1656 vulgate
241 1588 342 1641 eodem
359 1584 445 1659 plane
461 1589 550 1656 redit,
581 1596 612 1641 et
634 1590 752 1660 quidem
775 1590 833 1643 ele·

54 1674 62 1709 t
92 1658 166 1705 diora
188 1659 296 1707 nomine
319 1657 449 1719 Metellie
472 1658 527 1709 hoc
554 1657 648 1727 ipsum
674 1668 730 1725 eet,
760 1660 835 1711 diota

45 1724 186 1783 ‚laeminae
209 1724 337 1775 enimin
361 1726 441 1777 omni
463 1724 574 1777 familia
599 1743 619 1777 a
632 1728 759 1779 maribus
783 1746 835 1780 uo·

45 1803 157 1859 rerunt3
185 1793 218 1843 in
241 1791 409 1847 Clodiorum
432 1804 517 1861 gente
534 1792 652 1845 Clodiae
674 1804 773 1865 erant,
801 1798 836 1847 in
922 1844 926 1851 ‚

45 1846 187 1928 'Hostiam
209 1861 241 1911 in
263 1860 450 1913 Metellorum
469 1859 612 1913 Metellae.
648 1862 747 1931 Neque
761 1880 834 1915 vero

45 1947 79 1980 no
106 1930 192 1997 longe
221 1928 346 1980 deterius
372 1929 505 1981 suooessit
529 1931 591 1981 viro
615 1946 737 1997 magno,
768 1946 836 1983 oum

45 1998 93 2049 iiii
121 1999 168 2049 sui
197 1995 429 2051 emendationem
452 2006 579 2064 secutus,
613 1997 836 2051 reclamantibus

45 2083 56 2132 r,
76 2067 108 2116 in
128 2066 190 2135 ipso
208 2073 286 2117 textu
303 2066 441 2146 reposuit,
460 2082 544 2119 versu
563 2066 697 2134 secundo,

49 2136 122 2185 obest
138 2133 230 2185 omnis
246 2135 449 2202 nominibusque
463 2136 557 2201 pudor.
679 2185 682 2189 ,
722 2141 725 2146 ’

46 2221 84 2266 is,
114 2202 223 2271 inquit,
255 2220 287 2251 eo
305 2205 465 2253 coniectura.
508 2203 569 2253 lmo
587 2202 663 2254 nihil
682 2219 715 2253 ea
732 2200 830 2255 infeli·

45 2270 184 2339 lrecepta
204 2268 336 2322 codicum
354 2271 479 2323 lectione
497 2271 616 2340 certius,
636 2270 829 2341 argutiusque,

45 2340 235 2390 lasonianum:

51 2408 124 2457 abest
142 2424 256 2472 nomen,
277 2406 481 2474 nominibusque
500 2408 594 2474 purior.

45 2485 132 2547 cest,
164 2483 348 2543 argumento,
375 2476 512 2528 materiae
529 2475 637 2546 operis:
666 2474 728 2544 ipse
744 2475 826 2529 Pont.

374 2578 380 2599 i

45 2631 73 2676 rs,
92 2614 212 2680 querneus
229 2630 283 2662 non
300 2624 339 2661 est
357 2611 519 2662 miserabilis
532 2613 626 2672 Index,

55 2683 143 2730 minus
161 2680 210 2729 hoc
228 2680 277 2731 illo
299 2679 396 2743 Triste,
415 2682 484 2750 quod
502 2693 563 2731 onte
582 2678 651 2729 dedi.

51 2752 130 2811 idern,
148 2747 232 2799 titulo
251 2748 350 2814 differt.

45 2817 181 2884 Epistulas
207 2834 269 2868 suas
299 2832 331 2866 ex
357 2816 448 2866 Ponte
475 2814 551 2865 rehtu
577 2813 635 2867 eive
653 2822 826 2881 ¹argumento

45 2903 106 2937 cum
125 2886 221 2955 priore
240 2901 325 2952 opere
348 2885 426 2952 quod
446 2882 551 2933 Tristia
570 2880 770 2948 inscripserat,
792 2884 825 2931 n·-

45 2973 53 3004 ι
70 2964 98 3004 et
117 2954 232 3005 nornine
250 2952 374 3004 differre.
410 2952 472 3001 Hoc
495 2953 596 3018 itaque¹
611 2952 672 3001 vult
689 2949 824 3012 Ovidius;

45 3024 96 3073 lem
121 3032 149 3073 et
173 3023 233 3072 eius
257 3020 364 3086 similes
384 3022 477 3086 poetas
495 3021 579 3069 rebus
595 3019 827 3087 siveorgumrnto
893 3050 895 3055 ,

45 3110 83 3141 een
100 3093 208 3155 obesse3
228 3106 295 3140 curn
311 3089 360 3139 hic
379 3087 516 3149 Perillam,
537 3085 609 3137 alter
626 3087 766 3150 Lesbiam,
785 3085 826 3137 el·

48 3176 133 3227 quem
157 3159 227 3211 falso
247 3157 451 3208 inscriberent:
481 3155 632 3205 nominibus
656 3171 743 3223 porro
767 3154 827 3203 illis

45 3246 121 3290 esse,
152 3244 217 3278 curn
236 3225 342 3294 scripte
360 3222 412 3274 ille
425 3232 542 3343 praeter
557 3232 653 3293 turpes
671 3239 782 3275 emeres
799 3230 828 3273 et

47 3296 171 3347 dulteria
189 3295 266 3346 nihil
283 3296 345 3344 iere
363 3291 424 3341 eliu
464 3290 651 3343 continerent.

47 3365 204 3431 flagrantia
221 3365 358 3429 detorquet
376 3359 410 3409 od
427 3358 530 3426 oscula]
556 3361 676 3410 -Variant
692 3359 741 3409 hic
756 3357 826 3408 libri

45 3435 74 3499 i,
104 3442 137 3483 ut
159 3442 187 3483 et
208 3432 348 3483 editiones
373 3435 506 3479 vetustae.
551 3428 688 3496 Princeps
706 3425 759 3478 illa
777 3429 828 3476 Ve-

45 3504 145 3562 remia,-
162 3499 307 3565 Loscheri,
329 3496 509 3563 Fragronrio;
526 3510 598 3565 quae
615 3496 756 3565 posterior
773 3494 830 3544 lec·

45 3588 71 3620 io
91 3570 182 3638 magis
200 3570 317 3638 placuit.
353 3565 427 3616 Sene
451 3580 486 3617 ee
503 3562 664 3618 osculorum
687 3578 832 3618 columen·

45 3639 115 3710 epud
133 3640 260 3719 Statium¹
270 3636 340 3693 silv.
359 3633 397 3702 II,
421 3652 445 3688 ι.
