2250 3990
299 223 499 269 seimonau
530 228 602 273 ma.
631 207 738 285 1,,6,
934 215 1004 287 ‘479

62 370 65 377 Ι
106 307 198 361 Nemo
214 307 351 376 eleuterius
366 308 484 363 fortune
500 322 541 363 est
559 323 632 363 urus.
722 311 735 337 ·'
797 308 849 350 ·.·‹·
932 316 936 324 '

10 386 56 435 ιι
76 379 129 445 VI,
151 378 202 429 lib.
222 378 261 429 ll.
277 394 350 431 vers.
368 388 412 446 49.
702 382 708 394 '

10 456 17 474 '
101 448 246 499 Fortunae·
261 444 349 513 filius,
367 464 459 497 omnes
475 461 573 506 recum
592 444 832 501 mussitatione-³

10 516 121 571 Certe
139 516 163 567 si
178 531 212 567 ex
227 512 349 567 illorum
367 532 488 584 perrona
504 528 617 583 possunt
633 514 745 584 legeris,
763 518 925 575 verecunde
942 519 1003 576 dio·

10 593 99 641 tnm
116 594 176 643 eset
193 583 240 635 sia
259 599 294 634 ex
310 582 424 649 Horatii
441 601 557 650 passum,
574 582 731 637 insolenter
750 594 779 637 et
795 588 929 655 gloriose.

58 669 112 725 54.
130 652 220 703 Nulla
237 653 334 702 etenim
351 650 419 703 milri
435 652 536 719 tefors
554 650 662 720 obtulit]
698 652 871 724 Disquirunt
887 658 936 709 bic
953 661 1003 713 In·

10 729 191 793 terpretee,
218 729 356 771 utrumne
380 720 450 771 Fors
474 738 512 773 en
528 737 589 771 sors
607 719 764 789 legendum
788 724 842 789 sit;
877 742 1003 797 quornm

10 786 112 849 inae
129 789 162 841 iu
179 789 313 867 principa
330 791 451 855 Veneta,
480 788 536 840 boc
561 787 594 838 in
620 788 754 843 Loscberi
779 791 907 845 editione
924 812 1004 849 com-

45 867 129 915 eret.
164 859 250 909 Certe
273 873 307 908 m
332 857 532 910 vetrutiorlbus
554 857 658 909 neuris
682 860 831 914 codicibus
854 862 933 915 clare
957 881 1005 917 er-

46 930 155 981 ihetur
164 926 246 994 sors5
271 941 310 977 nc
334 924 389 978 bac
414 926 450 979 de
478 942 561 980 cause
586 924 721 979 Lambini
745 927 832 982 iidem
849 928 1005 985 labefactet

10 1012 152 1066 amper
178 1010 247 1063 erga
272 993 359 1047 illum
382 993 512 1065 iniquior
536 994 714 1053 Torrentius.
743 996 872 1051 ,Tacitus
898 1000 1002 1054 Annei.
1053 1004 1057 1014 “

10 1066 117 1132 XIV,
138 1074 163 1128 5.
200 1064 309 1133 Contio,
326 1076 353 1114 et
368 1066 464 1129 remis,
486 1076 528 1127 et,
550 1080 618 1131 quae
636 1064 696 1123 lars
715 1063 873 1135 obtulerat,
895 1072 1005 1121 navali-

10 1132 85 1188 bua's
103 1133 167 1183 telis
184 1130 334 1198 conficitur.
369 1131 482 1185 Ibidem
498 1132 543 1201 ll,
560 1146 604 1201 42.
639 1132 793 1203 Struritque
811 1153 936 1205 caussas,
956 1133 1005 1189 oret

10 1202 113 1258 forte
131 1200 239 1270 oblatas
256 1201 381 1269 arripuit.
423 1202 461 1253 At
477 1200 550 1251 Hist.
570 1200 624 1267 lv,
653 1217 677 1254 r.
701 1202 827 1255 ‘Passim
851 1206 1003 1275 trucidatis,

10 1284 60 1325 aee
85 1286 214 1339 quemque
229 1286 288 1321 sors
304 1269 453 1321 obtulerat:
477 1270 528 1323 ubi
545 1276 659 1336 tamen,
676 1277 710 1321 ut
726 1282 825 1340 autea,
838 1273 904 1339 joie
920 1292 1005 1347 repo·

10 1338 168 1394 nendum
185 1346 233 1389 est.
268 1338 332 1406 Sed,
352 1337 421 1389 dum
437 1335 597 1390 leviculum
612 1337 669 1390 hoc
685 1340 825 1394 sollicitor
842 1358 890 1394 eos
907 1342 1002 1411 hebet,

10 1408 114 1486 illud
132 1406 257 1474 interim,
277 1406 354 1477 quod
372 1406 457 1475 longe
476 1405 590 1477 gravius
607 1414 658 1475 est,
675 1408 796 1481 impune
813 1410 863 1463 hic
880 1414 1004 1487 gratari

50 1484 195 1540 otiantur,
966 1494 969 1499 ·

10 1494 48 1551 P
107 1543 197 1593 Nulla
213 1544 313 1593 etenim
328 1542 403 1594 mihi
420 1551 450 1595 te
461 1542 527 1609 fors
543 1542 650 1597 obtulit.

10 1614 80 1669 Ita
103 1629 201 1664 omncs
217 1611 325 1680 ubique
342 1610 482 1665 dederunt
499 1606 635 1664 editores:
665 1626 760 1683 neque
783 1614 910 1665 sentiunt
926 1615 1004 1670 illud

10 1680 108 1735 nihi
127 1694 152 1731 re
191 1696 258 1731 uem
284 1680 387 1733 inscite
403 1690 433 1731 et
456 1679 559 1731 stolide
578 1678 628 1730 bic
655 1677 764 1733 dictum
788 1681 839 1748 sit,
871 1692 903 1733 ut
926 1676 1005 1738 nihil

10 1747 152 1817 anagia..
171 1699 254 1816 idum
271 1746 372 1799 euim?
405 1749 449 1800 An
469 1755 589 1815 petrono
610 1755 638 1798 et
663 1765 731 1818 rege
755 1765 805 1801 suo
824 1750 1002 1822 Maecenate,

10 1822 89 1871 eui
108 1816 205 1881 vitam,
224 1833 301 1883 opes,
321 1814 418 1867 ornain
434 1814 548 1881 debuit,
569 1815 710 1869 maiorem
734 1816 784 1867 hic
807 1832 836 1869 re
860 1820 934 1886 gerit
958 1837 1005 1885 co.

10 1883 147 1939 actoris
169 1882 305 1935 Graeculi
330 1884 426 1937 filius?
470 1882 533 1935 Tibi
555 1900 637 1954 vero,
669 1902 687 1936 o
710 1894 822 1953 noster,
855 1887 1003 1939 Maecena-

14 1969 96 2006 tem
113 1953 172 2004 fors
189 1951 439 2032 obtulerithuod
458 1952 538 2003 sodes
555 1962 630 2003 exte
646 1954 765 2005 verbum
784 1952 892 2007 audio?
912 1956 1005 2009 Immo

11 2036 62 2075 τι
90 2020 264 2071 Maecenati:
299 2021 355 2072 nisi
378 2019 508 2073 omniurn
535 2030 727 2091 quotcumque
743 2022 890 2090 inerunt,
928 2034 1003 2092 sunt,

14 2098 175 2209 eruptve,
199 2088 386 2223 IS'ulfqnorfium
409 2090 521 2160 primus
544 2105 582 2141 et.
624 2090 710 2143 Certe
734 2090 776 2144 aia
795 2090 868 2145 alibi
884 2092 1003 2166 solebas,

13 2168 69 2213 'ut
100 2158 179 2208 ‘erm
260 2175 322 2217 fr„
365 2196 372 2209 .
855 2194 861 2199 -
914 2178 956 2217 ,-

109 2170 263 2292 8ἰιηρ1ιοιο3ν
278 2228 338 2295 quis
347 2173 380 2277 4et
398 2224 463 2276 est?
479 2226 585 2295 qualem
601 2240 650 2280 me
665 2242 744 2294 saepe
762 2226 878 2279 libenter

107 2294 271 2346 Obtulerim
288 2296 351 2362 tibi,
369 2294 531 2347 Maecenas.
880 2337 883 2344 .

16 2360 129 2417 :flecte
146 2362 200 2414 hoc
219 2364 336 2432 quidem
379 2372 408 2415 et
429 2359 605 2414 verecunde:
632 2369 662 2411 et
678 2359 752 2413 bene
770 2362 895 2429 factum,
945 2363 1004 2419 uod

17 2441 100 2484 tem
124 2438 239 2498 turpem
257 2403 401 2483 mucidam
418 2430 551 2501 effugisti.
594 2428 641 2479 Sic
665 2432 744 2481 enim
763 2440 793 2481 et
809 2431 866 2485 hoc
884 2382 1003 2489 induco

20 2498 138 2555 :rullus
155 2500 329 2567 dubitabam,
349 2501 420 2563 quin
440 2500 480 2552 sio
500 2517 516 2550 a
535 2496 680 2567 principio
699 2499 802 2553 fuerit:
890 2535 893 2543 ·
993 2518 1017 2543 -·

110 2566 199 2617 Nulla
216 2570 312 2619 etenim
328 2568 383 2619 tibi
400 2584 447 2619 me
457 2568 522 2635 sors
539 2566 643 2616 obtulit.

22 2638 134 2705 Atque
161 2638 203 2686 sic
234 2646 329 2703 postea
358 2634 496 2689 latentem
521 2634 595 2687 hanc
621 2631 774 2685 lectionem
800 2634 939 2705 deprendi
970 2638 1004 2690 in

22 2704 196 2759 Scholiasta
214 2704 388 2774 cruquiano,
408 2704 470 2756 loco
487 2701 586 2773 paullo
602 2712 669 2753 onte
687 2704 817 2756 laudato:
842 2704 910 2754 Cum
926 2708 1003 2759 neella

10 2774 112 2841 jors,
136 2774 248 2842 iuquit,
275 2792 322 2826 me
339 2775 393 2825 tibi
413 2774 553 2835 obtulerit,
573 2770 621 2820 sed
638 2773 784 2822 amicorum
801 2774 1003 2827 commendatio.

25 2841 174 2910 Denique
191 2842 230 2892 ita
248 2842 325 2894 clare
340 2851 435 2893 extare
452 2841 512 2894 vidi
528 2841 560 2890 in
579 2838 679 2893 codice
692 2841 895 2921 manuscripto,
911 2858 1005 2921 ‘quem

28 2926 136 2979 nuper
161 2910 231 2960 adeo
256 2910 455 2963 Bibliothecae
478 2907 560 2963 Colle
581 2907 601 2958 ii
631 2911 722 2959 nostri
750 2908 866 2963 donant
890 2928 936 2968 rar
959 2912 1006 2965 in.
1088 2984 1090 2989 Ι

30 2980 117 3048 signi
138 2979 300 3029 eruditione
319 2990 348 3032 et
364 2979 543 3030 humanitate
588 2976 684 3028 homas
703 2976 777 3027 Rud.

70 3048 117 3107 63.
138 3044 232 3112 Neque
249 3048 348 3112 sordes,
366 3065 415 3098 nee
433 3048 505 3096 mala
525 3044 620 3111 lustra]
655 3044 806 3095 Editianer.
819 3052 945 3109 vererere
976 3053 1005 3099 ει

30 3116 158 3167 codices
183 3130 254 3183 quoa
278 3118 401 3168 viderim
427 3131 525 3168 omnes
548 3131 580 3163 ac
604 3113 677 3162 raaia
701 3112 822 3165 babent:
851 3114 1004 3166 Perebeur-

34 3185 112 3237 dum
132 3192 229 3235 temen
246 3183 373 3253 videtur,
393 3185 485 3235 sordes
501 3200 533 3232 ac
551 3184 636 3231 lustra
653 3195 710 3232 une
727 3182 804 3232 inter
818 3186 850 3233 ee
867 3182 1003 3252 iungeree

34 3269 109 3305 cum
127 3252 197 3303 vitia
221 3269 335 3321 prorsus
354 3251 499 3304 contraria
518 3250 594 3314 sint,
626 3266 718 3321 neque
741 3252 772 3301 in
796 3265 887 3301 unum
911 3250 1005 3302 bomi-

34 3337 109 3375 nem
127 3320 228 3371 eodem
247 3329 377 3391 tempore
401 3322 509 3388 possint
527 3316 663 3370 recidere.
704 3317 861 3371 Lambinus
885 3320 1004 3390 quidem

33 3391 81 3443 ite
99 3388 177 3457 loqui
196 3389 327 3443 debuisse
346 3391 480 3442 Nostrum
498 3397 593 3456 putat:

110 3458 141 3507 Si
158 3474 242 3525 neque
263 3460 416 3523 avaritiam,
433 3474 517 3525 neque
535 3455 633 3516 sordes,
652 3470 707 3505 nec
724 3454 799 3504 mala
816 3456 910 3507 lustra.

33 3526 141 3580 Postea
158 3536 254 3579 autem
271 3526 330 3578 Cru
351 3528 429 3594 rrius,
457 3542 515 3578 non
532 3534 564 3575 ut
580 3524 633 3575 ille
651 3540 684 3573 cx
704 3524 882 3587 coniectura,
905 3518 953 3577 sed
971 3540 1004 3577 ox

36 3594 231 3650 vetustissimo
253 3613 305 3651 suo
329 3546 484 3651 dunelma
507 3612 558 3661 ,nec
582 3590 656 3645 illud
682 3590 813 3662 protulit.
860 3594 934 3645 Saue
960 3594 1004 3652 vir
