2250 3990
194 174 395 218 crnuruum
430 177 501 225 un.
534 154 592 226 III.
805 163 867 230 181

58 264 183 308 metator
209 256 283 309 hanc
308 267 421 327 partem
449 258 583 328 Apuliae,
614 255 697 313 illem
720 258 867 314 Lucaniae

68 322 161 377 aciat?
196 326 272 395 Ergo
291 327 315 377 ia
337 328 396 395 ipse
417 328 503 395 locus,
523 344 607 397 quern
624 328 793 381 advocatum
810 330 866 383 sihi

65 395 167 445 'Serm
186 394 221 460 Π,
245 412 268 448 1.
304 394 432 445 Lucanus
449 414 485 446 an
499 397 625 463 Appulus,
645 397 865 463 anceps,·udver-

57 479 149 515 ausam
176 462 261 528 dicit,
297 472 327 514 et
352 464 618 533 interpretationem
645 462 727 517 illam
770 480 865 519 rorrua

61 530 189 581 Proinde
213 530 271 583 alia
296 548 362 601 para
384 532 577 600 interpretum
601 548 704 605 nomen
728 484 864 587 blatteus

57 600 152 666 ignor,
186 600 261 649 culus
284 614 360 651 extre
384 601 465 651 limen
486 608 616 670 evagatur
641 617 712 669 puer
727 584 864 655 lloratiua

63 665 186 717 vulture
203 666 397 719 obdormierit
435 669 539 719 Melius
559 669 695 739 prolecto,
716 684 800 738 quem
817 670 864 722 illi

61 736 158 801 Apulia
176 744 224 785 aut
240 752 343 787 nomen
362 745 411 787 out
428 752 586 805 cognomen
607 753 665 789 erae
683 746 784 805 posset.
809 738 864 791 Sed

57 803 197 868 rfemilia,
217 821 307 874 neque
322 820 481 873 cognomen
500 809 610 925 uspiam
629 806 765 857 occurrit.
793 807 863 873 Apu-

58 889 104 923 em
123 872 267 940 plurimae
285 874 476 942 reperiuntur,
496 890 524 925 se
561 890 657 925 versus
675 888 721 924 eas
739 881 861 928 recusat.

57 940 199 1009 equidem
219 941 274 991 levi
294 940 452 994 mutatione
470 958 532 994 rent
550 943 703 995 conticere.

57 1010 79 1058 is
98 1024 174 1058 extra
192 1010 274 1059 limen
291 1008 432 1077 Amuliae,
640 1005 644 1013 ’

57 1078 80 1128 is
97 1090 173 1128 extra
191 1078 273 1126 limen
290 1078 434 1147 Aquiliae:

57 1160 110 1196 :um
135 1145 221 1214 plane
244 1154 272 1195 et
297 1146 450 1199 absurdum
475 1144 567 1214 foret,
588 1146 635 1197 de
661 1146 783 1199 nutricio
809 1164 860 1201 no·

64 1212 209 1281 cogitare?
245 1210 343 1283 Quid?
369 1212 418 1265 ille
440 1230 476 1264 ne
497 1228 573 1281 patre
592 1214 730 1266 Libertina
752 1228 777 1265 et
792 1235 860 1282 pau·

57 1291 113 1345 tus,
136 1280 185 1348 qui
206 1298 361 1348 numquam
384 1284 497 1334 Patrem
514 1284 607 1351 ipsum
625 1292 675 1334 aut
684 1283 810 1335 Matrem
827 1284 861 1337 in

57 1350 88 1400 tis
110 1349 224 1400 nomine
241 1348 411 1418 appellavit,
433 1349 593 1403 nutriculae
609 1367 675 1403 suae
692 1368 798 1403 nomen
815 1353 861 1404 in·

57 1417 164 1487 puolem
183 1434 250 1469 vero
268 1418 398 1469 altricem
417 1418 448 1469 in
467 1426 523 1468 tam
542 1435 667 1487 paupere
686 1420 791 1471 domo?
809 1438 860 1472 au·

57 1486 162 1536 scilicet
179 1486 237 1536 sole
256 1495 381 1552 coctam,
410 1487 457 1537 cui
477 1503 582 1537 nomeu
608 1486 743 1554 Pbrygiae
760 1488 856 1555 credo,

57 1592 62 1604 .
95 1555 154 1604 Nisi
176 1555 283 1627 potius,
311 1554 439 1606 servulae
456 1554 570 1622 inopia,
599 1555 698 1606 eadem
715 1556 766 1607 illa
784 1573 858 1625 quae

60 1638 215 1673 mammam
235 1623 345 1672 dederit
392 1624 466 1674 Cave
484 1622 582 1673 credas
601 1622 704 1691 igitur,
736 1632 794 1673 tam
813 1642 860 1676 va·

57 1690 170 1741 olidum
188 1692 273 1741 fuisse
290 1691 431 1755 Nostrum¹
452 1698 484 1741 ut
500 1692 575 1741 sieut
592 1691 699 1743 Aeneae
716 1692 859 1743 nutricem

61 1760 100 1811 ita
118 1761 166 1814 bio
186 1760 289 1811 Damae
309 1772 355 1809 aut
368 1756 494 1825 Dionysii
506 1757 589 1822 filius
605 1774 684 1809 suam
703 1760 860 1810 memoriae

71 1826 148 1896 Quid
167 1828 262 1896 itaque
282 1822 353 1878 nott*
378 1826 477 1891 haeret
501 1827 628 1895 prolecto
654 1842 741 1893 aquo:
768 1841 861 1894 neque

71 1895 170 1947 iuvant
187 1908 235 1945 aut
249 1904 425 1947 enarratores
442 1904 491 1946 aut
509 1892 629 1945 codices.
657 1892 862 1962 ¹Periolitemut'

57 2006 60 2025 ‚
80 1983 116 2015 au
131 1965 295 2016 coniectura
312 1964 351 2015 ali
373 1982 408 2015 ua
426 1981 485 2015 non
504 1961 617 2013 socordi
635 1961 775 2013 laboranti
793 1965 861 2039 poti·

57 2049 128 2083 rrere
148 2050 293 2100 possimus.
332 1983 480 2084 Gloriatur
495 2030 545 2081 hio
564 2031 672 2095 Noster,
691 2047 720 2082 re
738 2031 773 2082 ab
791 2028 859 2098 rpeis

59 2104 81 2152 is
101 2101 162 2152 Diis
180 2102 297 2153 charum
321 2109 350 2152 et
373 2101 509 2151 dilectum
534 2100 633 2151 luisse:
662 2098 693 2151 id
717 2114 752 2151 eo
776 2113 858 2165 argu-

57 2171 94 2221 tia
110 2188 175 2236 puer
192 2170 270 2235 olim,
291 2172 348 2221 imo
369 2171 468 2234 infirm,
488 2176 520 2219 ut
536 2166 618 2219 uersu
635 2180 678 2222 20.

57 2241 110 2288 tine
128 2240 179 2287 Dts
199 2241 333 2287 animosus
351 2239 453 2302 int'nns,
772 2272 775 2277 -

57 2315 136 2371 atus,
169 2306 366 2357 obdormiisset
389 2307 462 2356 solus
481 2307 512 2356 iu
537 2314 634 2356 monte
654 2304 779 2355 deserto:
809 2301 860 2351 ubi

57 2378 77 2424 ti
99 2393 114 2425 a
133 2374 237 2440 viperis
255 2384 324 2424 esset
341 2388 464 2438 morsus,
495 2373 539 2425 vol
559 2372 759 2423 devorarusoh
778 2370 857 2436 ursis,

73 2442 239 2510 regionibus
256 2443 424 2510 frequentes,
447 2451 478 2491 ut
496 2441 614 2493 Ovidius
631 2439 807 2491 Halieutico:

57 2530 75 2560 ts
93 2511 216 2560 Lucanis
233 2512 399 2575 provolvitur
416 2527 496 2558 ursus
517 2511 551 2559 ab
570 2509 672 2558 antris:

57 2597 65 2630 t
83 2597 98 2629 a
116 2580 174 2630 suis
193 2579 323 2629 inventus
341 2589 387 2644 eat,
409 2578 501 2627 adhuc
520 2594 617 2628 somno
638 2575 797 2637 devinctus,
818 2588 861 2622 ao-

57 2647 183 2698 ,colmuis
200 2665 216 2696 a
234 2648 302 2696 feris
320 2656 348 2696 et
365 2646 548 2715 serpentibuap
570 2644 640 2695 euin
658 2642 744 2695 etium
764 2640 862 2691 luureu

57 2734 68 2765 e
86 2716 187 2765 fronde
207 2733 222 2765 a
241 2715 420 2773 palumbinus
438 2722 527 2764 tectus
578 2714 639 2762 Hoc
660 2709 792 2762 miraculi
819 2708 862 2757 in-

57 2793 193 2839 enarratt
214 2778 287 2832 unde
306 2783 363 2833 iam
381 2792 442 2832 tum
462 2797 512 2849 per
529 2780 667 2835 viciniam
680 2778 785 2829 famem
804 2791 862 2826 esse

73 2868 207 2918 magnum
225 2850 334 2918 aliquid
360 2852 394 2900 de
415 2867 502 2918 puero
522 2850 576 2899 isto
595 2848 661 2899 deos
681 2845 861 2915 portendere.

57 2930 100 2970 tur
120 2930 147 2970 et
165 2937 199 2970 ex
217 2920 320 2971 decoro
339 2919 429 2984 addit,
460 2932 536 2967 omre
559 2918 642 2966 limen
658 2917 761 2965 altricis
779 2928 861 2976 vago·

57 3036 59 3044 ,
86 2989 191 3058 quippe
216 2989 251 3038 de
271 3004 299 3038 so
317 2988 421 3052 infirme
440 2986 488 3035 hic
507 2984 648 3052 loquitur,
678 3000 742 3033 cum
769 2980 862 3031 adhuc

57 3076 87 3107 ee
105 3067 198 3107 esset*
220 3057 309 3124 quue
328 3065 413 3119 auget
431 3053 563 3104 miraculi
583 3053 656 3118 vim,
683 3050 758 3122 quod
778 3050 862 3113 solus,

57 3145 60 3171 :
79 3126 162 3176 domo
183 3134 328 3191 evagatus,
349 3139 440 3189 sospes
459 3131 554 3172 tamen
573 3121 717 3173 evaderet:
746 3118 866 3168 sienim

57 3195 105 3244 ice
124 3203 151 3244 et
170 3193 332 3243 domesticis
349 3191 460 3254 fuiasot,
481 3190 555 3241 nihil
573 3190 642 3241 adeo
666 3185 866 3239 admirandum

59 3278 137 3314 muro
159 3262 248 3323 igitur
268 3259 342 3312 belle
359 3259 512 3323 haberent,
540 3259 563 3309 si
586 3257 670 3308 modo
700 3254 771 3304 illud
796 3254 866 3317 Apu-

60 3347 126 3380 vere
144 3329 242 3398 aliquo
263 3345 419 3397 possemus:
439 3343 530 3395 neque
548 3326 625 3377 enim
642 3341 746 3375 nomeu
767 3320 868 3392 mutie-

62 3441 68 3465 ,
98 3414 190 3463 neque
210 3399 305 3448 nutrix
323 3398 375 3447 bie.
389 3397 505 3445 nomine
522 3411 571 3446 suo
589 3391 741 3461 indigitari
761 3388 867 3465 debuit.

67 3465 242 3517 crediderim
259 3467 299 3515 ric
321 3468 355 3516 ab
369 3465 485 3515 llorotio
503 3464 640 3533 scriptum
660 3475 734 3524 esse3
756 3458 870 3505 dltrtttt·

57 3536 86 3586 tii
107 3535 229 3600 codices,
254 3534 378 3584 Nutririr
396 3533 502 3583 sedulae
