<?xml version="1.0" encoding="UTF-8"?>
<!DOCTYPE html PUBLIC "-//W3C//DTD XHTML 1.0 Transitional//EN"
    "http://www.w3.org/TR/xhtml1/DTD/xhtml1-transitional.dtd">
<html xmlns="http://www.w3.org/1999/xhtml" xml:lang="en" lang="en">
 <head>
  <title>
</title>
<meta http-equiv="Content-Type" content="text/html;charset=utf-8" />
  <meta name='ocr-system' content='tesseract 3.04.00' />
  <meta name='ocr-capabilities' content='ocr_page ocr_carea ocr_par ocr_line ocrx_word'/>
</head>
<body>
  <div class='ocr_page' id='page_1' title='image "./richardibentlei00bentgoog_0809.png"; bbox 0 0 2228 3900; ppageno 0'>
   <div class='ocr_carea' id='block_1_1' title="bbox 748 100 768 133">
    <p class='ocr_par' dir='ltr' id='par_1_1' title="bbox 748 100 768 133">
     <span class='ocr_line' id='line_1_1' title="bbox 748 100 768 133; baseline 0 0"><span class='ocrx_word' id='word_1_1' title='bbox 748 100 768 133; x_wconf 65' lang='lat' dir='ltr'>b</span> 
     </span>
    </p>
   </div>
   <div class='ocr_carea' id='block_1_2' title="bbox 401 234 1002 301">
    <p class='ocr_par' dir='ltr' id='par_1_2' title="bbox 401 234 1002 301">
     <span class='ocr_line' id='line_1_2' title="bbox 401 234 1002 301; baseline -0.012 -16"><span class='ocrx_word' id='word_1_2' title='bbox 401 241 464 285; x_wconf 76' lang='lat' dir='ltr'>ins</span> <span class='ocrx_word' id='word_1_3' title='bbox 497 238 658 283; x_wconf 71' lang='lat' dir='ltr'>corriel.</span> <span class='ocrx_word' id='word_1_4' title='bbox 936 234 1002 301; x_wconf 77' lang='lat'>783</span> 
     </span>
    </p>
   </div>
   <div class='ocr_carea' id='block_1_3' title="bbox 48 320 1004 1419">
    <p class='ocr_par' dir='ltr' id='par_1_3' title="bbox 115 320 759 529">
     <span class='ocr_line' id='line_1_3' title="bbox 399 320 759 389; baseline -0.003 -13"><span class='ocrx_word' id='word_1_5' title='bbox 399 324 455 376; x_wconf 85' lang='lat' dir='ltr'>Vos</span> <span class='ocrx_word' id='word_1_6' title='bbox 474 322 635 389; x_wconf 78' lang='lat' dir='ltr'>crenrplario</span> <span class='ocrx_word' id='word_1_7' title='bbox 653 320 759 375; x_wconf 83' lang='lat' dir='ltr'>Graeco</span> 
     </span>
     <span class='ocr_line' id='line_1_4' title="bbox 115 391 733 459; baseline -0.01 -10"><span class='ocrx_word' id='word_1_8' title='bbox 115 394 261 449; x_wconf 76' lang='lat' dir='ltr'>Nocturna</span> <span class='ocrx_word' id='word_1_9' title='bbox 278 402 382 443; x_wconf 76' lang='lat' dir='ltr'>versate</span> <span class='ocrx_word' id='word_1_10' title='bbox 398 410 488 459; x_wconf 82' lang='lat' dir='ltr'>rsarrn,</span> <span class='ocrx_word' id='word_1_11' title='bbox 507 404 609 444; x_wconf 78' lang='lat' dir='ltr'>versate</span> <span class='ocrx_word' id='word_1_12' title='bbox 626 391 733 443; x_wconf 83' lang='lat' dir='ltr'>diurna.</span> 
     </span>
     <span class='ocr_line' id='line_1_5' title="bbox 117 460 586 529; baseline -0.015 -11"><span class='ocrx_word' id='word_1_13' title='bbox 117 468 152 517; x_wconf 77' lang='lat' dir='ltr'>As</span> <span class='ocrx_word' id='word_1_14' title='bbox 170 464 254 517; x_wconf 76' lang='lat' dir='ltr'>rostri</span> <span class='ocrx_word' id='word_1_15' title='bbox 270 462 364 529; x_wconf 77' lang='lat' dir='ltr'><strong><em>proavi</em></strong></span> <span class='ocrx_word' id='word_1_16' title='bbox 381 460 523 511; x_wconf 84' lang='lat' dir='ltr'>Plautinos</span> <span class='ocrx_word' id='word_1_17' title='bbox 537 474 586 511; x_wconf 80' lang='lat' dir='ltr'>etc.</span> 
     </span>
    </p>

    <p class='ocr_par' dir='ltr' id='par_1_4' title="bbox 48 528 1004 1419">
     <span class='ocr_line' id='line_1_6' title="bbox 50 528 1004 607; baseline -0.014 -18"><span class='ocrx_word' id='word_1_18' title='bbox 50 534 129 594; x_wconf 74' lang='lat' dir='ltr'>ttihit</span> <span class='ocrx_word' id='word_1_19' title='bbox 170 534 277 586; x_wconf 79' lang='lat' dir='ltr'>coiecto</span> <span class='ocrx_word' id='word_1_20' title='bbox 295 532 343 581; x_wconf 82' lang='lat' dir='ltr'>liic</span> <span class='ocrx_word' id='word_1_21' title='bbox 366 537 419 595; x_wconf 89' lang='lat' dir='ltr'>est,</span> <span class='ocrx_word' id='word_1_22' title='bbox 449 528 525 597; x_wconf 87' lang='lat' dir='ltr'>quod</span> <span class='ocrx_word' id='word_1_23' title='bbox 549 528 713 607; x_wconf 77' lang='lat' dir='ltr'><strong>quempiam</strong></span> <span class='ocrx_word' id='word_1_24' title='bbox 739 528 872 584; x_wconf 75' lang='lat' dir='ltr'>offendat.</span> <span class='ocrx_word' id='word_1_25' title='bbox 914 536 951 588; x_wconf 82' lang='lat' dir='ltr'>As</span> <span class='ocrx_word' id='word_1_26' title='bbox 968 535 1004 587; x_wconf 92' lang='lat' dir='ltr'>il.</span> 
     </span>
     <span class='ocr_line' id='line_1_7' title="bbox 50 598 1003 670; baseline 0.001 -13"><span class='ocrx_word' id='word_1_27' title='bbox 50 604 100 670; x_wconf 75' lang='lat' dir='ltr'>lud</span> <span class='ocrx_word' id='word_1_28' title='bbox 166 604 232 653; x_wconf 83' lang='lat' dir='ltr'>osui</span> <span class='ocrx_word' id='word_1_29' title='bbox 264 600 359 667; x_wconf 80' lang='lat' dir='ltr'><strong><em>proavi</em></strong></span> <span class='ocrx_word' id='word_1_30' title='bbox 398 612 501 663; x_wconf 78' lang='lat' dir='ltr'>niagno</span> <span class='ocrx_word' id='word_1_31' title='bbox 541 598 770 649; x_wconf 82' lang='lat' dir='ltr'>circumveniunt</span> <span class='ocrx_word' id='word_1_32' title='bbox 809 601 1003 657; x_wconf 87' lang='lat' dir='ltr'>incommoda.</span> 
     </span>
     <span class='ocr_line' id='line_1_8' title="bbox 77 664 1004 743; baseline -0.003 -20"><span class='ocrx_word' id='word_1_33' title='bbox 77 672 165 743; x_wconf 87' lang='lat' dir='ltr'>uippe</span> <span class='ocrx_word' id='word_1_34' title='bbox 184 668 313 723; x_wconf 88' lang='lat' dir='ltr'>onmium</span> <span class='ocrx_word' id='word_1_35' title='bbox 332 684 361 717; x_wconf 91' lang='lat' dir='ltr'>se</span> <span class='ocrx_word' id='word_1_36' title='bbox 380 664 526 718; x_wconf 70' lang='lat' dir='ltr'>cachinnis</span> <span class='ocrx_word' id='word_1_37' title='bbox 549 666 717 735; x_wconf 74' lang='lat' dir='ltr'><strong>exposuisset</strong></span> <span class='ocrx_word' id='word_1_38' title='bbox 734 666 849 737; x_wconf 81' lang='lat' dir='ltr'>Noster3</span> <span class='ocrx_word' id='word_1_39' title='bbox 878 670 902 721; x_wconf 87' lang='lat' dir='ltr'>si</span> <span class='ocrx_word' id='word_1_40' title='bbox 923 683 1004 741; x_wconf 80' lang='lat' dir='ltr'>patre</span> 
     </span>
     <span class='ocr_line' id='line_1_9' title="bbox 49 734 1003 810; baseline -0.003 -15"><span class='ocrx_word' id='word_1_41' title='bbox 49 740 201 805; x_wconf 80' lang='lat' dir='ltr'>liertiuo,</span> <span class='ocrx_word' id='word_1_42' title='bbox 229 736 345 789; x_wconf 82' lang='lat' dir='ltr'>homine</span> <span class='ocrx_word' id='word_1_43' title='bbox 368 734 527 800; x_wconf 83' lang='lat' dir='ltr'>Graeculo,</span> <span class='ocrx_word' id='word_1_44' title='bbox 557 742 588 783; x_wconf 92' lang='lat' dir='ltr'>ut</span> <span class='ocrx_word' id='word_1_45' title='bbox 607 735 738 803; x_wconf 81' lang='lat' dir='ltr'>equidem</span> <span class='ocrx_word' id='word_1_46' title='bbox 757 743 841 803; x_wconf 87' lang='lat' dir='ltr'>puto,</span> <span class='ocrx_word' id='word_1_47' title='bbox 869 739 915 790; x_wconf 83' lang='lat' dir='ltr'>rel</span> <span class='ocrx_word' id='word_1_48' title='bbox 933 742 1003 810; x_wconf 58' lang='lat' dir='ltr'>Syro</span> 
     </span>
     <span class='ocr_line' id='line_1_10' title="bbox 51 801 1004 878; baseline -0.008 -19"><span class='ocrx_word' id='word_1_49' title='bbox 51 811 122 864; x_wconf 72' lang='lat' dir='ltr'>{orte</span> <span class='ocrx_word' id='word_1_50' title='bbox 141 815 191 858; x_wconf 83' lang='lat' dir='ltr'>aut</span> <span class='ocrx_word' id='word_1_51' title='bbox 207 806 274 857; x_wconf 82' lang='lat' dir='ltr'>Iliso</span> <span class='ocrx_word' id='word_1_52' title='bbox 291 811 382 869; x_wconf 88' lang='lat' dir='ltr'>natus,</span> <span class='ocrx_word' id='word_1_53' title='bbox 404 801 519 853; x_wconf 83' lang='lat' dir='ltr'><em>Nostros</em></span> <span class='ocrx_word' id='word_1_54' title='bbox 534 818 652 872; x_wconf 82' lang='lat' dir='ltr'>proavos</span> <span class='ocrx_word' id='word_1_55' title='bbox 669 819 717 853; x_wconf 88' lang='lat' dir='ltr'>seu</span> <span class='ocrx_word' id='word_1_56' title='bbox 735 802 850 855; x_wconf 82' lang='lat' dir='ltr'>incaute</span> <span class='ocrx_word' id='word_1_57' title='bbox 866 808 924 859; x_wconf 84' lang='lat' dir='ltr'>sive</span> <span class='ocrx_word' id='word_1_58' title='bbox 942 812 1004 878; x_wconf 65' lang='lat' dir='ltr'>glo.</span> 
     </span>
     <span class='ocr_line' id='line_1_11' title="bbox 50 870 1004 947; baseline -0.013 -16"><span class='ocrx_word' id='word_1_59' title='bbox 50 874 269 931; x_wconf 66' lang='lat' dir='ltr'>desecuisset:</span> <span class='ocrx_word' id='word_1_60' title='bbox 298 872 377 943; x_wconf 78' lang='lat' dir='ltr'>quasi</span> <span class='ocrx_word' id='word_1_61' title='bbox 402 870 461 941; x_wconf 90' lang='lat' dir='ltr'>ipse</span> <span class='ocrx_word' id='word_1_62' title='bbox 483 870 584 922; x_wconf 86' lang='lat' dir='ltr'>Paulus</span> <span class='ocrx_word' id='word_1_63' title='bbox 607 870 653 921; x_wconf 82' lang='lat' dir='ltr'>rel</span> <span class='ocrx_word' id='word_1_64' title='bbox 671 870 801 925; x_wconf 74' lang='lat' dir='ltr'><strong>Messalla</strong></span> <span class='ocrx_word' id='word_1_65' title='bbox 825 874 871 926; x_wconf 85' lang='lat' dir='ltr'>vel</span> <span class='ocrx_word' id='word_1_66' title='bbox 889 877 1004 947; x_wconf 76' lang='lat' dir='ltr'>Pompi.</span> 
     </span>
     <span class='ocr_line' id='line_1_12' title="bbox 52 938 1003 1016; baseline -0.002 -16"><span class='ocrx_word' id='word_1_67' title='bbox 52 946 107 1000; x_wconf 81' lang='lat' dir='ltr'>lius</span> <span class='ocrx_word' id='word_1_68' title='bbox 124 944 239 1013; x_wconf 79' lang='lat' dir='ltr'>sanguis</span> <span class='ocrx_word' id='word_1_69' title='bbox 254 950 332 994; x_wconf 83' lang='lat' dir='ltr'>esset.</span> <span class='ocrx_word' id='word_1_70' title='bbox 376 939 409 990; x_wconf 91' lang='lat' dir='ltr'>ld</span> <span class='ocrx_word' id='word_1_71' title='bbox 433 940 510 1007; x_wconf 90' lang='lat' dir='ltr'>quod</span> <span class='ocrx_word' id='word_1_72' title='bbox 534 938 604 991; x_wconf 89' lang='lat' dir='ltr'>olim</span> <span class='ocrx_word' id='word_1_73' title='bbox 630 939 769 991; x_wconf 82' lang='lat' dir='ltr'>Victorius</span> <span class='ocrx_word' id='word_1_74' title='bbox 792 941 1003 1016; x_wconf 87' lang='lat' dir='ltr'>Lambinusque</span> 
     </span>
     <span class='ocr_line' id='line_1_13' title="bbox 51 1006 1001 1081; baseline 0 -15"><span class='ocrx_word' id='word_1_75' title='bbox 51 1021 127 1069; x_wconf 79' lang='lat' dir='ltr'>recle</span> <span class='ocrx_word' id='word_1_76' title='bbox 144 1012 316 1065; x_wconf 84' lang='lat' dir='ltr'>iudicarunt.</span> <span class='ocrx_word' id='word_1_77' title='bbox 351 1009 388 1060; x_wconf 82' lang='lat' dir='ltr'>At</span> <span class='ocrx_word' id='word_1_78' title='bbox 404 1023 522 1059; x_wconf 83' lang='lat' dir='ltr'>inanum</span> <span class='ocrx_word' id='word_1_79' title='bbox 543 1006 639 1059; x_wconf 82' lang='lat' dir='ltr'>inlicit</span> <span class='ocrx_word' id='word_1_80' title='bbox 655 1006 821 1061; x_wconf 83' lang='lat' dir='ltr'>Theodorus</span> <span class='ocrx_word' id='word_1_81' title='bbox 842 1010 1001 1081; x_wconf 85' lang='lat' dir='ltr'>Marcilius,</span> 
     </span>
     <span class='ocr_line' id='line_1_14' title="bbox 48 1074 1003 1155; baseline -0.001 -21"><span class='ocrx_word' id='word_1_82' title='bbox 48 1082 116 1155; x_wconf 69' lang='lat' dir='ltr'>iqui,</span> <span class='ocrx_word' id='word_1_83' title='bbox 149 1080 307 1148; x_wconf 83' lang='lat' dir='ltr'>Perpcroru,</span> <span class='ocrx_word' id='word_1_84' title='bbox 332 1078 386 1140; x_wconf 81' lang='lat' dir='ltr'>ait,</span> <span class='ocrx_word' id='word_1_85' title='bbox 406 1093 542 1126; x_wconf 80' lang='lat' dir='ltr'><em>correxere</em></span> <span class='ocrx_word' id='word_1_86' title='bbox 559 1074 659 1129; x_wconf 84' lang='lat' dir='ltr'>vestri:</span> <span class='ocrx_word' id='word_1_87' title='bbox 687 1094 750 1125; x_wconf 81' lang='lat' dir='ltr'>riom</span> <span class='ocrx_word' id='word_1_88' title='bbox 766 1079 820 1128; x_wconf 85' lang='lat' dir='ltr'>ciui</span> <span class='ocrx_word' id='word_1_89' title='bbox 836 1090 861 1129; x_wconf 84' lang='lat' dir='ltr'>ct</span> <span class='ocrx_word' id='word_1_90' title='bbox 880 1085 961 1148; x_wconf 78' lang='lat' dir='ltr'>equit-i</span> <span class='ocrx_word' id='word_1_91' title='bbox 977 1098 1003 1136; x_wconf 83' lang='lat' dir='ltr'>cc</span> 
     </span>
     <span class='ocr_line' id='line_1_15' title="bbox 53 1143 1003 1215; baseline -0.009 -12"><span class='ocrx_word' id='word_1_92' title='bbox 53 1150 158 1203; x_wconf 74' lang='lat' dir='ltr'>cibans</span> <span class='ocrx_word' id='word_1_93' title='bbox 176 1150 291 1199; x_wconf 84' lang='lat' dir='ltr'>rnilitum</span> <span class='ocrx_word' id='word_1_94' title='bbox 303 1144 355 1211; x_wconf 83' lang='lat' dir='ltr'>sas</span> <span class='ocrx_word' id='word_1_95' title='bbox 377 1156 433 1195; x_wconf 81' lang='lat' dir='ltr'>erat</span> <span class='ocrx_word' id='word_1_96' title='bbox 458 1145 546 1193; x_wconf 81' lang='lat' dir='ltr'>dicere</span> <span class='ocrx_word' id='word_1_97' title='bbox 569 1143 664 1196; x_wconf 82' lang='lat' dir='ltr'>Nostri</span> <span class='ocrx_word' id='word_1_98' title='bbox 688 1146 805 1211; x_wconf 79' lang='lat' dir='ltr'>procs·i;</span> <span class='ocrx_word' id='word_1_99' title='bbox 836 1153 1003 1215; x_wconf 72' lang='lat' dir='ltr'>quemadmo-</span> 
     </span>
     <span class='ocr_line' id='line_1_16' title="bbox 53 1212 1004 1283; baseline 0.002 -12"><span class='ocrx_word' id='word_1_100' title='bbox 53 1220 116 1271; x_wconf 80' lang='lat' dir='ltr'>dum</span> <span class='ocrx_word' id='word_1_101' title='bbox 134 1218 246 1279; x_wconf 78' lang='lat' dir='ltr'><em>Seneca,</em></span> <span class='ocrx_word' id='word_1_102' title='bbox 275 1230 433 1283; x_wconf 82' lang='lat' dir='ltr'>quamquam</span> <span class='ocrx_word' id='word_1_103' title='bbox 455 1212 554 1263; x_wconf 82' lang='lat' dir='ltr'>iberici</span> <span class='ocrx_word' id='word_1_104' title='bbox 570 1214 692 1277; x_wconf 78' lang='lat' dir='ltr'>generis,</span> <span class='ocrx_word' id='word_1_105' title='bbox 718 1214 826 1267; x_wconf 78' lang='lat' dir='ltr'>Nostris</span> <span class='ocrx_word' id='word_1_106' title='bbox 849 1220 1004 1273; x_wconf 75' lang='lat' dir='ltr'>unctoribus</span> 
     </span>
     <span class='ocr_line' id='line_1_17' title="bbox 55 1280 1004 1349; baseline -0.004 -10"><span class='ocrx_word' id='word_1_107' title='bbox 55 1288 131 1339; x_wconf 81' lang='lat' dir='ltr'>disis.</span> <span class='ocrx_word' id='word_1_108' title='bbox 166 1288 201 1337; x_wconf 83' lang='grc' dir='ltr'>Αι</span> <span class='ocrx_word' id='word_1_109' title='bbox 221 1284 266 1349; x_wconf 90' lang='lat' dir='ltr'>ui,</span> <span class='ocrx_word' id='word_1_110' title='bbox 286 1298 302 1333; x_wconf 93' lang='lat' dir='ltr'>o</span> <span class='ocrx_word' id='word_1_111' title='bbox 319 1283 407 1347; x_wconf 87' lang='lat' dir='ltr'>bone,</span> <span class='ocrx_word' id='word_1_112' title='bbox 427 1296 485 1333; x_wconf 90' lang='lat' dir='ltr'>non</span> <span class='ocrx_word' id='word_1_113' title='bbox 503 1282 598 1343; x_wconf 84' lang='lat' dir='ltr'>vestri,</span> <span class='ocrx_word' id='word_1_114' title='bbox 616 1280 692 1331; x_wconf 88' lang='lat' dir='ltr'>sedi</span> <span class='ocrx_word' id='word_1_115' title='bbox 718 1280 756 1332; x_wconf 88' lang='lat' dir='ltr'>ud</span> <span class='ocrx_word' id='word_1_116' title='bbox 775 1292 856 1334; x_wconf 86' lang='lat' dir='ltr'>tuum</span> <span class='ocrx_word' id='word_1_117' title='bbox 876 1286 971 1337; x_wconf 81' lang='lat' dir='ltr'>Nostri</span> <span class='ocrx_word' id='word_1_118' title='bbox 987 1310 1004 1341; x_wconf 71' lang='lat' dir='ltr'>a</span> 
     </span>
     <span class='ocr_line' id='line_1_18' title="bbox 56 1304 1003 1419; baseline -0.011 -10"><span class='ocrx_word' id='word_1_119' title='bbox 56 1304 264 1409; x_wconf 77' lang='lat' dir='ltr'>correctoriirus</span> <span class='ocrx_word' id='word_1_120' title='bbox 287 1360 342 1416; x_wconf 83' lang='lat' dir='ltr'>est;</span> <span class='ocrx_word' id='word_1_121' title='bbox 378 1366 443 1400; x_wconf 89' lang='lat' dir='ltr'>cum</span> <span class='ocrx_word' id='word_1_122' title='bbox 467 1358 496 1399; x_wconf 87' lang='lat' dir='ltr'>et</span> <span class='ocrx_word' id='word_1_123' title='bbox 519 1348 617 1418; x_wconf 89' lang='lat' dir='ltr'>scripti</span> <span class='ocrx_word' id='word_1_124' title='bbox 641 1348 711 1399; x_wconf 81' lang='lat' dir='ltr'>libri</span> <span class='ocrx_word' id='word_1_125' title='bbox 737 1358 765 1399; x_wconf 88' lang='lat' dir='ltr'>et</span> <span class='ocrx_word' id='word_1_126' title='bbox 789 1352 920 1419; x_wconf 81' lang='lat' dir='ltr'>primitus</span> <span class='ocrx_word' id='word_1_127' title='bbox 943 1361 1003 1409; x_wconf 64' lang='lat' dir='ltr'>cusi</span> 
     </span>
    </p>
   </div>
   <div class='ocr_carea' id='block_1_4' title="bbox 53 1416 1040 1817">
    <p class='ocr_par' dir='ltr' id='par_1_5' title="bbox 53 1416 1040 1817">
     <span class='ocr_line' id='line_1_19' title="bbox 56 1416 1005 1495; baseline -0.005 -19"><span class='ocrx_word' id='word_1_128' title='bbox 56 1422 134 1495; x_wconf 85' lang='lat' dir='ltr'>prius</span> <span class='ocrx_word' id='word_1_129' title='bbox 151 1428 311 1489; x_wconf 77' lang='lat' dir='ltr'>agnoscant.</span> <span class='ocrx_word' id='word_1_130' title='bbox 346 1418 468 1469; x_wconf 77' lang='lat' dir='ltr'>Senecae</span> <span class='ocrx_word' id='word_1_131' title='bbox 487 1432 552 1467; x_wconf 82' lang='lat' dir='ltr'>vero</span> <span class='ocrx_word' id='word_1_132' title='bbox 573 1416 681 1467; x_wconf 89' lang='lat' dir='ltr'>dictum</span> <span class='ocrx_word' id='word_1_133' title='bbox 698 1416 756 1467; x_wconf 90' lang='lat' dir='ltr'>huo</span> <span class='ocrx_word' id='word_1_134' title='bbox 774 1422 951 1487; x_wconf 76' lang='lat' dir='ltr'><strong>pertrahere,</strong></span> <span class='ocrx_word' id='word_1_135' title='bbox 976 1435 1005 1477; x_wconf 75' lang='lat' dir='ltr'>et</span> 
     </span>
     <span class='ocr_line' id='line_1_20' title="bbox 55 1485 1004 1561; baseline -0.009 -16"><span class='ocrx_word' id='word_1_136' title='bbox 55 1500 87 1545; x_wconf 83' lang='grc' dir='ltr'>ιιι</span> <span class='ocrx_word' id='word_1_137' title='bbox 105 1488 218 1561; x_wconf 78' lang='lat' dir='ltr'>perrel</span> <span class='ocrx_word' id='word_1_138' title='bbox 236 1486 330 1539; x_wconf 88' lang='lat' dir='ltr'>simile</span> <span class='ocrx_word' id='word_1_139' title='bbox 346 1485 414 1536; x_wconf 89' lang='lat' dir='ltr'>huic</span> <span class='ocrx_word' id='word_1_140' title='bbox 431 1500 597 1554; x_wconf 78' lang='lat' dir='ltr'><strong>preponere,</strong></span> <span class='ocrx_word' id='word_1_141' title='bbox 618 1485 698 1535; x_wconf 87' lang='lat' dir='ltr'>cuius</span> <span class='ocrx_word' id='word_1_142' title='bbox 716 1494 756 1537; x_wconf 84' lang='lat' dir='ltr'>est</span> <span class='ocrx_word' id='word_1_143' title='bbox 775 1488 898 1542; x_wconf 79' lang='lat' dir='ltr'>iudicii?</span> <span class='ocrx_word' id='word_1_144' title='bbox 917 1492 1004 1561; x_wconf 70' lang='lat' dir='ltr'>Epist,</span> 
     </span>
     <span class='ocr_line' id='line_1_21' title="bbox 56 1552 1040 1616; baseline -0.002 -4"><span class='ocrx_word' id='word_1_145' title='bbox 56 1562 77 1613; x_wconf 92' lang='grc'>1.</span> <span class='ocrx_word' id='word_1_146' title='bbox 95 1560 132 1611; x_wconf 74' lang='lat' dir='ltr'>nd</span> <span class='ocrx_word' id='word_1_147' title='bbox 149 1556 310 1608; x_wconf 83' lang='lat' dir='ltr'>Lucilium:</span> <span class='ocrx_word' id='word_1_148' title='bbox 350 1554 391 1604; x_wconf 84' lang='grc' dir='ltr'>Τιι</span> <span class='ocrx_word' id='word_1_149' title='bbox 409 1566 497 1604; x_wconf 83' lang='lat' dir='ltr'>tumen</span> <span class='ocrx_word' id='word_1_150' title='bbox 513 1552 583 1615; x_wconf 66' lang='lat' dir='ltr'>male</span> <span class='ocrx_word' id='word_1_151' title='bbox 597 1571 685 1604; x_wconf 77' lang='lat' dir='ltr'>strues</span> <span class='ocrx_word' id='word_1_152' title='bbox 703 1566 764 1616; x_wconf 84' lang='lat' dir='ltr'>tua,</span> <span class='ocrx_word' id='word_1_153' title='bbox 799 1568 825 1605; x_wconf 83' lang='lat' dir='ltr'>et</span> <span class='ocrx_word' id='word_1_154' title='bbox 848 1558 916 1609; x_wconf 85' lang='lat' dir='ltr'>hono</span> <span class='ocrx_word' id='word_1_155' title='bbox 941 1574 1006 1611; x_wconf 84' lang='lat' dir='ltr'>tem·</span> <span class='ocrx_word' id='word_1_156' title='bbox 1037 1608 1040 1614; x_wconf 86' lang='grc'><strong>,</strong></span> 
     </span>
     <span class='ocr_line' id='line_1_22' title="bbox 53 1622 1006 1702; baseline -0.003 -22"><span class='ocrx_word' id='word_1_157' title='bbox 53 1635 121 1702; x_wconf 72' lang='lat' dir='ltr'>porc</span> <span class='ocrx_word' id='word_1_158' title='bbox 137 1628 177 1677; x_wconf 83' lang='lat' dir='ltr'>uti</span> <span class='ocrx_word' id='word_1_159' title='bbox 193 1626 321 1689; x_wconf 82' lang='lat' dir='ltr'>incipias:</span> <span class='ocrx_word' id='word_1_160' title='bbox 337 1640 398 1672; x_wconf 82' lang='lat' dir='ltr'>narn</span> <span class='ocrx_word' id='word_1_161' title='bbox 408 1660 415 1685; x_wconf 91' lang='lat'><em>‚</em></span> <span class='ocrx_word' id='word_1_162' title='bbox 433 1636 460 1671; x_wconf 88' lang='lat' dir='ltr'>ut</span> <span class='ocrx_word' id='word_1_163' title='bbox 477 1622 564 1671; x_wconf 86' lang='lat' dir='ltr'>visum</span> <span class='ocrx_word' id='word_1_164' title='bbox 581 1636 619 1672; x_wconf 83' lang='lat' dir='ltr'>est</span> <span class='ocrx_word' id='word_1_165' title='bbox 636 1622 791 1673; x_wconf 78' lang='lat' dir='ltr'>iunioribus</span> <span class='ocrx_word' id='word_1_166' title='bbox 807 1626 925 1692; x_wconf 84' lang='lat' dir='ltr'>nostris,</span> <span class='ocrx_word' id='word_1_167' title='bbox 943 1647 1006 1681; x_wconf 77' lang='lat' dir='ltr'>scra</span> 
     </span>
     <span class='ocr_line' id='line_1_23' title="bbox 57 1689 1005 1817; baseline -0.011 -71"><span class='ocrx_word' id='word_1_168' title='bbox 57 1696 221 1817; x_wconf 75' lang='lat' dir='ltr'>parsimonia</span> <span class='ocrx_word' id='word_1_169' title='bbox 237 1694 266 1743; x_wconf 87' lang='lat' dir='ltr'>r&#39;n</span> <span class='ocrx_word' id='word_1_170' title='bbox 274 1692 365 1757; x_wconf 71' lang='lat' dir='ltr'>juncto</span> <span class='ocrx_word' id='word_1_171' title='bbox 382 1702 429 1740; x_wconf 81' lang='lat' dir='ltr'>est.</span> <span class='ocrx_word' id='word_1_172' title='bbox 465 1690 588 1759; x_wconf 83' lang='lat' dir='ltr'>Quinam</span> <span class='ocrx_word' id='word_1_173' title='bbox 605 1689 653 1741; x_wconf 83' lang='lat' dir='ltr'>liic</span> <span class='ocrx_word' id='word_1_174' title='bbox 670 1690 812 1740; x_wconf 57' lang='lat' dir='ltr'>trilores?</span> <span class='ocrx_word' id='word_1_175' title='bbox 841 1708 876 1743; x_wconf 78' lang='lat' dir='ltr'>an</span> <span class='ocrx_word' id='word_1_176' title='bbox 895 1694 1005 1748; x_wconf 72' lang='lat' dir='ltr'>dictum</span> 
     </span>
    </p>
   </div>
   <div class='ocr_carea' id='block_1_5' title="bbox 58 1757 1026 3672">
    <p class='ocr_par' dir='ltr' id='par_1_6' title="bbox 58 1757 1026 2861">
     <span class='ocr_line' id='line_1_24' title="bbox 76 1757 1026 1827; baseline 0.004 -12"><span class='ocrx_word' id='word_1_177' title='bbox 76 1778 110 1815; x_wconf 86' lang='lat' dir='ltr'>oc</span> <span class='ocrx_word' id='word_1_178' title='bbox 123 1770 211 1827; x_wconf 81' lang='lat' dir='ltr'>vetut,</span> <span class='ocrx_word' id='word_1_179' title='bbox 229 1776 263 1811; x_wconf 79' lang='lat' dir='ltr'>ex</span> <span class='ocrx_word' id='word_1_180' title='bbox 271 1758 393 1811; x_wconf 85' lang='lat' dir='ltr'>Hesiodo</span> <span class='ocrx_word' id='word_1_181' title='bbox 411 1758 538 1823; x_wconf 85' lang='lat' dir='ltr'>ductum,</span> <span class='ocrx_word' id='word_1_182' title='bbox 559 1758 594 1809; x_wconf 84' lang='lat' dir='ltr'>ati</span> <span class='ocrx_word' id='word_1_183' title='bbox 611 1757 684 1811; x_wconf 82' lang='lat' dir='ltr'>solos</span> <span class='ocrx_word' id='word_1_184' title='bbox 698 1758 831 1810; x_wconf 81' lang='lat' dir='ltr'>liomonor</span> <span class='ocrx_word' id='word_1_185' title='bbox 848 1762 1026 1823; x_wconf 69' lang='lat' dir='ltr'>accinerati.</span> 
     </span>
     <span class='ocr_line' id='line_1_25' title="bbox 59 1823 1005 1899; baseline -0.001 -18"><span class='ocrx_word' id='word_1_186' title='bbox 59 1846 166 1896; x_wconf 79' lang='lat' dir='ltr'>serum,</span> <span class='ocrx_word' id='word_1_187' title='bbox 185 1838 243 1881; x_wconf 84' lang='lat' dir='ltr'>esto</span> <span class='ocrx_word' id='word_1_188' title='bbox 257 1838 289 1878; x_wconf 87' lang='grc' dir='ltr'>ιιι</span> <span class='ocrx_word' id='word_1_189' title='bbox 306 1828 341 1879; x_wconf 83' lang='lat' dir='ltr'>ed</span> <span class='ocrx_word' id='word_1_190' title='bbox 358 1843 406 1878; x_wconf 86' lang='lat' dir='ltr'>eos</span> <span class='ocrx_word' id='word_1_191' title='bbox 422 1823 506 1878; x_wconf 82' lang='lat' dir='ltr'>solos:</span> <span class='ocrx_word' id='word_1_192' title='bbox 527 1826 639 1891; x_wconf 80' lang='lat' dir='ltr'><strong>Seneca,</strong></span> <span class='ocrx_word' id='word_1_193' title='bbox 661 1834 693 1877; x_wconf 87' lang='grc' dir='ltr'>ιιι</span> <span class='ocrx_word' id='word_1_194' title='bbox 704 1835 803 1877; x_wconf 86' lang='lat' dir='ltr'>notum</span> <span class='ocrx_word' id='word_1_195' title='bbox 818 1838 866 1893; x_wconf 85' lang='lat' dir='ltr'>est,</span> <span class='ocrx_word' id='word_1_196' title='bbox 882 1835 1005 1899; x_wconf 78' lang='lat' dir='ltr'>equestri</span> 
     </span>
     <span class='ocr_line' id='line_1_26' title="bbox 59 1893 1006 1971; baseline -0.001 -21"><span class='ocrx_word' id='word_1_197' title='bbox 59 1914 163 1971; x_wconf 67' lang='lat' dir='ltr'>genere</span> <span class='ocrx_word' id='word_1_198' title='bbox 179 1906 221 1949; x_wconf 85' lang='lat' dir='ltr'>est</span> <span class='ocrx_word' id='word_1_199' title='bbox 239 1904 330 1962; x_wconf 73' lang='lat' dir='ltr'>onus,</span> <span class='ocrx_word' id='word_1_200' title='bbox 350 1894 510 1957; x_wconf 77' lang='lat' dir='ltr'>Cordubae,</span> <span class='ocrx_word' id='word_1_201' title='bbox 530 1893 661 1946; x_wconf 84' lang='lat' dir='ltr'>coloniae</span> <span class='ocrx_word' id='word_1_202' title='bbox 677 1894 779 1945; x_wconf 86' lang='lat' dir='ltr'>veteris</span> <span class='ocrx_word' id='word_1_203' title='bbox 796 1896 948 1966; x_wconf 79' lang='lat' dir='ltr'>Ronmnar,</span> <span class='ocrx_word' id='word_1_204' title='bbox 969 1906 1006 1955; x_wconf 80' lang='lat' dir='ltr'>ob</span> 
     </span>
     <span class='ocr_line' id='line_1_27' title="bbox 58 1962 1005 2039; baseline 0.005 -20"><span class='ocrx_word' id='word_1_205' title='bbox 58 1966 216 2039; x_wconf 79' lang='lat' dir='ltr'>primorum</span> <span class='ocrx_word' id='word_1_206' title='bbox 235 1962 403 2016; x_wconf 86' lang='lat' dir='ltr'>colonorum</span> <span class='ocrx_word' id='word_1_207' title='bbox 423 1962 599 2015; x_wconf 79' lang='lat' dir='ltr'>nobilitatem</span> <span class='ocrx_word' id='word_1_208' title='bbox 618 1962 756 2015; x_wconf 75' lang='lat' dir='ltr'>Patriciae</span> <span class='ocrx_word' id='word_1_209' title='bbox 772 1968 1005 2039; x_wconf 49' lang='lat' dir='ltr'>cognominatam</span> 
     </span>
     <span class='ocr_line' id='line_1_28' title="bbox 59 2030 1008 2107; baseline 0.003 -21"><span class='ocrx_word' id='word_1_210' title='bbox 59 2044 90 2089; x_wconf 84' lang='grc' dir='ltr'>ιιι</span> <span class='ocrx_word' id='word_1_211' title='bbox 107 2032 182 2086; x_wconf 82' lang='lat' dir='ltr'>nihil</span> <span class='ocrx_word' id='word_1_212' title='bbox 201 2033 298 2099; x_wconf 83' lang='lat' dir='ltr'>obstet,</span> <span class='ocrx_word' id='word_1_213' title='bbox 318 2032 388 2100; x_wconf 90' lang='lat' dir='ltr'>quin</span> <span class='ocrx_word' id='word_1_214' title='bbox 407 2032 528 2081; x_wconf 78' lang='lat' dir='ltr'>Senecae</span> <span class='ocrx_word' id='word_1_215' title='bbox 545 2034 665 2082; x_wconf 82' lang='lat' dir='ltr'>maiores</span> <span class='ocrx_word' id='word_1_216' title='bbox 682 2030 727 2083; x_wconf 89' lang='lat' dir='ltr'>vel</span> <span class='ocrx_word' id='word_1_217' title='bbox 745 2048 761 2082; x_wconf 84' lang='lat' dir='ltr'>a</span> <span class='ocrx_word' id='word_1_218' title='bbox 779 2034 902 2099; x_wconf 82' lang='lat' dir='ltr'>Regibus</span> <span class='ocrx_word' id='word_1_219' title='bbox 920 2053 1008 2107; x_wconf 83' lang='lat' dir='ltr'>usqua</span> 
     </span>
     <span class='ocr_line' id='line_1_29' title="bbox 58 2098 1007 2169; baseline 0.003 -13"><span class='ocrx_word' id='word_1_220' title='bbox 58 2102 182 2157; x_wconf 71' lang='lat' dir='ltr'>Romani</span> <span class='ocrx_word' id='word_1_221' title='bbox 195 2102 311 2153; x_wconf 73' lang='lat' dir='ltr'>fuerint.</span> <span class='ocrx_word' id='word_1_222' title='bbox 323 2102 405 2151; x_wconf 81' lang='lat' dir='ltr'>llsrnc</span> <span class='ocrx_word' id='word_1_223' title='bbox 419 2108 452 2149; x_wconf 92' lang='grc' dir='ltr'>ιιι</span> <span class='ocrx_word' id='word_1_224' title='bbox 468 2100 500 2151; x_wconf 89' lang='lat' dir='ltr'>in</span> <span class='ocrx_word' id='word_1_225' title='bbox 516 2098 642 2151; x_wconf 85' lang='lat' dir='ltr'>lorniliae</span> <span class='ocrx_word' id='word_1_226' title='bbox 652 2104 812 2169; x_wconf 75' lang='lat' dir='ltr'>quaestione</span> <span class='ocrx_word' id='word_1_227' title='bbox 821 2102 920 2155; x_wconf 87' lang='lat' dir='ltr'>Nostro</span> <span class='ocrx_word' id='word_1_228' title='bbox 931 2122 1007 2159; x_wconf 90' lang='lat' dir='ltr'>com-</span> 
     </span>
     <span class='ocr_line' id='line_1_30' title="bbox 59 2168 1009 2241; baseline 0.004 -18"><span class='ocrx_word' id='word_1_229' title='bbox 59 2188 149 2241; x_wconf 65' lang='lat' dir='ltr'>pras,</span> <span class='ocrx_word' id='word_1_230' title='bbox 167 2169 226 2239; x_wconf 88' lang='lat' dir='ltr'>qui,</span> <span class='ocrx_word' id='word_1_231' title='bbox 246 2170 328 2220; x_wconf 83' lang='lat' dir='ltr'>nullis</span> <span class='ocrx_word' id='word_1_232' title='bbox 347 2168 490 2217; x_wconf 75' lang='lat' dir='ltr'>sanioribus</span> <span class='ocrx_word' id='word_1_233' title='bbox 509 2182 589 2233; x_wconf 85' lang='lat' dir='ltr'>ortus,</span> <span class='ocrx_word' id='word_1_234' title='bbox 608 2168 717 2237; x_wconf 88' lang='lat' dir='ltr'>primus</span> <span class='ocrx_word' id='word_1_235' title='bbox 735 2184 852 2222; x_wconf 84' lang='lat' dir='ltr'>suorum</span> <span class='ocrx_word' id='word_1_236' title='bbox 869 2172 1009 2241; x_wconf 83' lang='lat' dir='ltr'>ingenuus</span> 
     </span>
     <span class='ocr_line' id='line_1_31' title="bbox 60 2235 1009 2311; baseline -0.007 -19"><span class='ocrx_word' id='word_1_237' title='bbox 60 2240 139 2293; x_wconf 72' lang='lat' dir='ltr'>eret?</span> <span class='ocrx_word' id='word_1_238' title='bbox 157 2238 249 2290; x_wconf 86' lang='lat' dir='ltr'>lmnro</span> <span class='ocrx_word' id='word_1_239' title='bbox 258 2246 290 2288; x_wconf 89' lang='lat' dir='ltr'>ut</span> <span class='ocrx_word' id='word_1_240' title='bbox 305 2236 440 2305; x_wconf 81' lang='lat' dir='ltr'>sciasque</span> <span class='ocrx_word' id='word_1_241' title='bbox 452 2235 601 2287; x_wconf 85' lang='lat' dir='ltr'>hominum</span> <span class='ocrx_word' id='word_1_242' title='bbox 614 2235 681 2303; x_wconf 87' lang='lat' dir='ltr'>risu,</span> <span class='ocrx_word' id='word_1_243' title='bbox 716 2254 814 2291; x_wconf 87' lang='lat' dir='ltr'>uosuo</span> <span class='ocrx_word' id='word_1_244' title='bbox 826 2244 1009 2311; x_wconf 69' lang='lat' dir='ltr'>stuporem.</span> 
     </span>
     <span class='ocr_line' id='line_1_32' title="bbox 61 2256 1009 2378; baseline 0.005 -19"><span class='ocrx_word' id='word_1_245' title='bbox 61 2308 214 2377; x_wconf 81' lang='lat' dir='ltr'>stripronvi</span> <span class='ocrx_word' id='word_1_246' title='bbox 229 2306 356 2357; x_wconf 76' lang='lat' dir='ltr'>(licturus</span> <span class='ocrx_word' id='word_1_247' title='bbox 373 2304 422 2355; x_wconf 85' lang='lat' dir='ltr'>hic</span> <span class='ocrx_word' id='word_1_248' title='bbox 437 2313 507 2355; x_wconf 85' lang='lat' dir='ltr'>esset</span> <span class='ocrx_word' id='word_1_249' title='bbox 516 2306 646 2363; x_wconf 81' lang='lat' dir='ltr'>Flaccus:</span> <span class='ocrx_word' id='word_1_250' title='bbox 663 2256 728 2358; x_wconf 65' lang='lat' dir='ltr'>viic</span> <span class='ocrx_word' id='word_1_251' title='bbox 746 2309 829 2360; x_wconf 88' lang='lat' dir='ltr'>modo</span> <span class='ocrx_word' id='word_1_252' title='bbox 840 2312 951 2378; x_wconf 79' lang='lat' dir='ltr'>Vopisci</span> <span class='ocrx_word' id='word_1_253' title='bbox 967 2310 1009 2365; x_wconf 92' lang='lat' dir='ltr'>lo·</span> 
     </span>
     <span class='ocr_line' id='line_1_33' title="bbox 62 2372 1009 2443; baseline 0.004 -15"><span class='ocrx_word' id='word_1_254' title='bbox 62 2391 129 2429; x_wconf 84' lang='lat' dir='ltr'>cuns</span> <span class='ocrx_word' id='word_1_255' title='bbox 146 2374 179 2425; x_wconf 91' lang='lat' dir='ltr'>in</span> <span class='ocrx_word' id='word_1_256' title='bbox 197 2374 271 2425; x_wconf 80' lang='lat' dir='ltr'>Caro</span> <span class='ocrx_word' id='word_1_257' title='bbox 288 2374 356 2441; x_wconf 83' lang='lat' dir='ltr'>Cap.</span> <span class='ocrx_word' id='word_1_258' title='bbox 374 2390 399 2437; x_wconf 84' lang='lat'>4.</span> <span class='ocrx_word' id='word_1_259' title='bbox 423 2372 473 2424; x_wconf 86' lang='lat' dir='ltr'>ubi</span> <span class='ocrx_word' id='word_1_260' title='bbox 497 2384 596 2425; x_wconf 82' lang='lat' dir='ltr'>contra</span> <span class='ocrx_word' id='word_1_261' title='bbox 613 2390 660 2425; x_wconf 89' lang='lat' dir='ltr'>eos</span> <span class='ocrx_word' id='word_1_262' title='bbox 677 2376 726 2443; x_wconf 90' lang='lat' dir='ltr'>qui</span> <span class='ocrx_word' id='word_1_263' title='bbox 746 2374 853 2428; x_wconf 84' lang='lat' dir='ltr'>Carum</span> <span class='ocrx_word' id='word_1_264' title='bbox 871 2379 1009 2432; x_wconf 82' lang='lat' dir='ltr'>Mediola-</span> 
     </span>
     <span class='ocr_line' id='line_1_34' title="bbox 58 2439 1009 2515; baseline 0 -18"><span class='ocrx_word' id='word_1_265' title='bbox 58 2458 178 2515; x_wconf 72' lang='lat' dir='ltr'>pensem</span> <span class='ocrx_word' id='word_1_266' title='bbox 194 2442 280 2493; x_wconf 84' lang='lat' dir='ltr'>inisse</span> <span class='ocrx_word' id='word_1_267' title='bbox 298 2441 483 2506; x_wconf 83' lang='lat' dir='ltr'>tradiderant,</span> <span class='ocrx_word' id='word_1_268' title='bbox 503 2444 573 2509; x_wconf 70' lang='lat' dir='ltr'>lpse,</span> <span class='ocrx_word' id='word_1_269' title='bbox 590 2441 621 2493; x_wconf 89' lang='lat' dir='ltr'>in</span> <span class='ocrx_word' id='word_1_270' title='bbox 643 2439 700 2508; x_wconf 86' lang='lat' dir='ltr'>uit,</span> <span class='ocrx_word' id='word_1_271' title='bbox 721 2456 750 2491; x_wconf 84' lang='lat' dir='ltr'>ur</span> <span class='ocrx_word' id='word_1_272' title='bbox 767 2444 877 2509; x_wconf 77' lang='lat' dir='ltr'>epistola</span> <span class='ocrx_word' id='word_1_273' title='bbox 894 2449 951 2497; x_wconf 81' lang='lat' dir='ltr'>eins</span> <span class='ocrx_word' id='word_1_274' title='bbox 967 2450 1009 2497; x_wconf 87' lang='lat' dir='ltr'>irr-</span> 
     </span>
     <span class='ocr_line' id='line_1_35' title="bbox 63 2510 1009 2579; baseline 0.002 -16"><span class='ocrx_word' id='word_1_275' title='bbox 63 2512 152 2575; x_wconf 77' lang='lat' dir='ltr'>dicct,</span> <span class='ocrx_word' id='word_1_276' title='bbox 170 2510 307 2560; x_wconf 83' lang='lat' dir='ltr'>Romanus</span> <span class='ocrx_word' id='word_1_277' title='bbox 324 2510 380 2560; x_wconf 84' lang='lat' dir='ltr'>vult</span> <span class='ocrx_word' id='word_1_278' title='bbox 394 2510 488 2561; x_wconf 84' lang='lat' dir='ltr'>uideri.</span> <span class='ocrx_word' id='word_1_279' title='bbox 522 2510 613 2561; x_wconf 81' lang='lat' dir='ltr'>Verba</span> <span class='ocrx_word' id='word_1_280' title='bbox 654 2510 771 2579; x_wconf 83' lang='lat' dir='ltr'>pistolae</span> <span class='ocrx_word' id='word_1_281' title='bbox 791 2520 869 2579; x_wconf 89' lang='lat' dir='ltr'>sunt,</span> <span class='ocrx_word' id='word_1_282' title='bbox 888 2514 1009 2565; x_wconf 74' lang='lat' dir='ltr'>Ilioiores</span> 
     </span>
     <span class='ocr_line' id='line_1_36' title="bbox 61 2576 1009 2647; baseline 0.005 -19"><span class='ocrx_word' id='word_1_283' title='bbox 61 2578 154 2643; x_wconf 63' lang='lat' dir='ltr'>posui</span> <span class='ocrx_word' id='word_1_284' title='bbox 171 2578 289 2629; x_wconf 73' lang='grc' dir='ltr'>Βοηιαιιί</span> <span class='ocrx_word' id='word_1_285' title='bbox 307 2578 350 2628; x_wconf 84' lang='lat' dir='ltr'>illi</span> <span class='ocrx_word' id='word_1_286' title='bbox 364 2580 495 2644; x_wconf 83' lang='lat' dir='ltr'>principes</span> <span class='ocrx_word' id='word_1_287' title='bbox 510 2586 563 2628; x_wconf 87' lang='lat' dir='ltr'>etc.</span> <span class='ocrx_word' id='word_1_288' title='bbox 598 2576 634 2629; x_wconf 81' lang='lat' dir='ltr'>Et</span> <span class='ocrx_word' id='word_1_289' title='bbox 653 2594 731 2645; x_wconf 87' lang='lat' dir='ltr'>mox,</span> <span class='ocrx_word' id='word_1_290' title='bbox 753 2578 807 2629; x_wconf 84' lang='lat' dir='ltr'>Fac</span> <span class='ocrx_word' id='word_1_291' title='bbox 826 2582 909 2647; x_wconf 78' lang='lat' dir='ltr'>igitur</span> <span class='ocrx_word' id='word_1_292' title='bbox 925 2585 1009 2633; x_wconf 76' lang='lat' dir='ltr'>inuio·</span> 
     </span>
     <span class='ocr_line' id='line_1_37' title="bbox 63 2646 1009 2714; baseline 0.003 -15"><span class='ocrx_word' id='word_1_293' title='bbox 63 2648 138 2701; x_wconf 82' lang='lat' dir='ltr'>ribus</span> <span class='ocrx_word' id='word_1_294' title='bbox 165 2646 281 2713; x_wconf 85' lang='lat' dir='ltr'>nostris,</span> <span class='ocrx_word' id='word_1_295' title='bbox 308 2646 337 2696; x_wconf 77' lang='lat' dir='ltr'>id</span> <span class='ocrx_word' id='word_1_296' title='bbox 362 2658 414 2710; x_wconf 75' lang='lat' dir='ltr'>esc,</span> <span class='ocrx_word' id='word_1_297' title='bbox 441 2647 571 2697; x_wconf 76' lang='lat' dir='ltr'>Romanis</span> <span class='ocrx_word' id='word_1_298' title='bbox 592 2663 646 2696; x_wconf 89' lang='lat' dir='ltr'>non</span> <span class='ocrx_word' id='word_1_299' title='bbox 669 2648 843 2714; x_wconf 83' lang='lat' dir='ltr'>discrepemus</span> <span class='ocrx_word' id='word_1_300' title='bbox 864 2650 947 2699; x_wconf 88' lang='lat' dir='ltr'>viris:</span> <span class='ocrx_word' id='word_1_301' title='bbox 972 2652 1009 2704; x_wconf 83' lang='lat' dir='ltr'>erl</span> 
     </span>
     <span class='ocr_line' id='line_1_38' title="bbox 120 2714 1009 2783; baseline 0.002 -15"><span class='ocrx_word' id='word_1_302' title='bbox 120 2714 305 2783; x_wconf 80' lang='lat' dir='ltr'>cVopircus,</span> <span class='ocrx_word' id='word_1_303' title='bbox 338 2715 429 2780; x_wconf 82' lang='lat' dir='ltr'>Vides,</span> <span class='ocrx_word' id='word_1_304' title='bbox 453 2718 508 2779; x_wconf 88' lang='lat' dir='ltr'>eit,</span> <span class='ocrx_word' id='word_1_305' title='bbox 530 2714 599 2783; x_wconf 80' lang='lat' dir='ltr'>qnod</span> <span class='ocrx_word' id='word_1_306' title='bbox 616 2728 672 2764; x_wconf 82' lang='lat' dir='ltr'>roto</span> <span class='ocrx_word' id='word_1_307' title='bbox 689 2716 800 2782; x_wconf 80' lang='lat' dir='ltr'>epistola</span> <span class='ocrx_word' id='word_1_308' title='bbox 820 2719 931 2768; x_wconf 86' lang='lat' dir='ltr'>maiores</span> <span class='ocrx_word' id='word_1_309' title='bbox 946 2736 1009 2771; x_wconf 79' lang='lat' dir='ltr'>risos</span> 
     </span>
     <span class='ocr_line' id='line_1_39' title="bbox 109 2782 1010 2861; baseline 0.006 -28"><span class='ocrx_word' id='word_1_310' title='bbox 109 2800 202 2834; x_wconf 81' lang='lat' dir='ltr'>manos</span> <span class='ocrx_word' id='word_1_311' title='bbox 223 2782 281 2833; x_wconf 86' lang='lat' dir='ltr'>vult</span> <span class='ocrx_word' id='word_1_312' title='bbox 297 2784 422 2848; x_wconf 76' lang='lat' dir='ltr'>intelligi.</span> <span class='ocrx_word' id='word_1_313' title='bbox 457 2784 533 2849; x_wconf 87' lang='lat' dir='ltr'>Hoc,</span> <span class='ocrx_word' id='word_1_314' title='bbox 558 2783 674 2861; x_wconf 88' lang='lat' dir='ltr'>opinor,</span> <span class='ocrx_word' id='word_1_315' title='bbox 701 2784 844 2853; x_wconf 86' lang='lat' dir='ltr'>exemplo,</span> <span class='ocrx_word' id='word_1_316' title='bbox 865 2785 888 2837; x_wconf 89' lang='lat' dir='ltr'>si</span> <span class='ocrx_word' id='word_1_317' title='bbox 906 2800 1010 2838; x_wconf 86' lang='lat' dir='ltr'>nostros</span> 
     </span>
    </p>

    <p class='ocr_par' dir='ltr' id='par_1_7' title="bbox 58 2849 1016 3672">
     <span class='ocr_line' id='line_1_40' title="bbox 61 2849 1011 2923; baseline 0.005 -20"><span class='ocrx_word' id='word_1_318' title='bbox 61 2868 178 2923; x_wconf 84' lang='lat' dir='ltr'>proauos</span> <span class='ocrx_word' id='word_1_319' title='bbox 193 2850 311 2903; x_wconf 82' lang='lat' dir='ltr'>Flaccus</span> <span class='ocrx_word' id='word_1_320' title='bbox 328 2849 508 2921; x_wconf 73' lang='lat' dir='ltr'>appellasset,</span> <span class='ocrx_word' id='word_1_321' title='bbox 540 2867 590 2921; x_wconf 87' lang='lat' dir='ltr'>qur</span> <span class='ocrx_word' id='word_1_322' title='bbox 616 2850 685 2903; x_wconf 85' lang='lat' dir='ltr'>olim</span> <span class='ocrx_word' id='word_1_323' title='bbox 711 2852 742 2902; x_wconf 91' lang='lat' dir='ltr'>in</span> <span class='ocrx_word' id='word_1_324' title='bbox 766 2868 849 2903; x_wconf 83' lang='lat' dir='ltr'>scena</span> <span class='ocrx_word' id='word_1_325' title='bbox 868 2853 1011 2908; x_wconf 87' lang='lat' dir='ltr'>Plautinas</span> 
     </span>
     <span class='ocr_line' id='line_1_41' title="bbox 58 2918 1011 2989; baseline 0 -15"><span class='ocrx_word' id='word_1_326' title='bbox 58 2918 175 2974; x_wconf 70' lang='lat' dir='ltr'>&#39;ferulas</span> <span class='ocrx_word' id='word_1_327' title='bbox 191 2919 324 2971; x_wconf 79' lang='lat' dir='ltr'>adrnireti</span> <span class='ocrx_word' id='word_1_328' title='bbox 340 2928 417 2986; x_wconf 84' lang='lat' dir='ltr'>sunt,</span> <span class='ocrx_word' id='word_1_329' title='bbox 438 2920 535 2989; x_wconf 89' lang='lat' dir='ltr'>utique</span> <span class='ocrx_word' id='word_1_330' title='bbox 552 2920 665 2970; x_wconf 76' lang='lat' dir='ltr'>iuniores</span> <span class='ocrx_word' id='word_1_331' title='bbox 680 2936 742 2970; x_wconf 88' lang='lat' dir='ltr'>suos</span> <span class='ocrx_word' id='word_1_332' title='bbox 759 2920 894 2972; x_wconf 81' lang='lat' dir='ltr'>Romanos</span> <span class='ocrx_word' id='word_1_333' title='bbox 910 2923 1011 2975; x_wconf 78' lang='lat' dir='ltr'>voluis·</span> 
     </span>
     <span class='ocr_line' id='line_1_42' title="bbox 64 2986 1012 3056; baseline 0.006 -19"><span class='ocrx_word' id='word_1_334' title='bbox 64 2996 108 3044; x_wconf 75' lang='lat' dir='ltr'>set</span> <span class='ocrx_word' id='word_1_335' title='bbox 134 2986 228 3039; x_wconf 89' lang='lat' dir='ltr'>intelli</span> <span class='ocrx_word' id='word_1_336' title='bbox 250 2986 269 3038; x_wconf 88' lang='lat' dir='ltr'>i.</span> <span class='ocrx_word' id='word_1_337' title='bbox 317 2987 372 3039; x_wconf 81' lang='lat' dir='ltr'>Sed</span> <span class='ocrx_word' id='word_1_338' title='bbox 396 2996 485 3039; x_wconf 83' lang='lat' dir='ltr'>totam</span> <span class='ocrx_word' id='word_1_339' title='bbox 510 2987 583 3039; x_wconf 87' lang='lat' dir='ltr'>hunc</span> <span class='ocrx_word' id='word_1_340' title='bbox 607 2988 800 3056; x_wconf 81' lang='lat' dir='ltr'>quaestionem</span> <span class='ocrx_word' id='word_1_341' title='bbox 824 3000 857 3040; x_wconf 92' lang='grc' dir='ltr'>ιιι</span> <span class='ocrx_word' id='word_1_342' title='bbox 879 2990 1012 3043; x_wconf 87' lang='lat' dir='ltr'>inutilem</span> 
     </span>
     <span class='ocr_line' id='line_1_43' title="bbox 64 3002 1011 3127; baseline 0.002 -18"><span class='ocrx_word' id='word_1_343' title='bbox 64 3054 204 3109; x_wconf 75' lang='lat' dir='ltr'>rescindit</span> <span class='ocrx_word' id='word_1_344' title='bbox 220 3002 381 3109; x_wconf 59' lang='lat' dir='ltr'>liacierius:</span> <span class='ocrx_word' id='word_1_345' title='bbox 411 3057 549 3107; x_wconf 87' lang='lat' dir='ltr'>nimirum</span> <span class='ocrx_word' id='word_1_346' title='bbox 569 3054 664 3105; x_wconf 86' lang='lat' dir='ltr'>Nostri</span> <span class='ocrx_word' id='word_1_347' title='bbox 680 3055 831 3124; x_wconf 79' lang='lat' dir='ltr'>legendum</span> <span class='ocrx_word' id='word_1_348' title='bbox 848 3076 922 3127; x_wconf 87' lang='lat' dir='ltr'>esse;</span> <span class='ocrx_word' id='word_1_349' title='bbox 953 3076 1011 3111; x_wconf 90' lang='lat' dir='ltr'>non</span> 
     </span>
     <span class='ocr_line' id='line_1_44' title="bbox 65 3121 1013 3198; baseline 0.002 -21"><span class='ocrx_word' id='word_1_350' title='bbox 65 3132 163 3177; x_wconf 69' lang='lat' dir='ltr'>umen</span> <span class='ocrx_word' id='word_1_351' title='bbox 181 3124 293 3175; x_wconf 76' lang='lat' dir='ltr'>Horatii</span> <span class='ocrx_word' id='word_1_352' title='bbox 310 3121 394 3188; x_wconf 87' lang='lat' dir='ltr'>haec,</span> <span class='ocrx_word' id='word_1_353' title='bbox 421 3126 469 3175; x_wconf 87' lang='lat' dir='ltr'>sed</span> <span class='ocrx_word' id='word_1_354' title='bbox 489 3124 619 3175; x_wconf 88' lang='lat' dir='ltr'>Pisonum</span> <span class='ocrx_word' id='word_1_355' title='bbox 644 3138 702 3175; x_wconf 85' lang='lat' dir='ltr'>esse</span> <span class='ocrx_word' id='word_1_356' title='bbox 720 3126 818 3191; x_wconf 86' lang='lat' dir='ltr'>rerba,</span> <span class='ocrx_word' id='word_1_357' title='bbox 849 3127 897 3195; x_wconf 89' lang='lat' dir='ltr'>qui</span> <span class='ocrx_word' id='word_1_358' title='bbox 916 3128 1013 3198; x_wconf 84' lang='lat' dir='ltr'>priora</span> 
     </span>
     <span class='ocr_line' id='line_1_45' title="bbox 64 3190 1013 3267; baseline 0.003 -23"><span class='ocrx_word' id='word_1_359' title='bbox 64 3191 120 3253; x_wconf 77' lang='lat' dir='ltr'>illa</span> <span class='ocrx_word' id='word_1_360' title='bbox 136 3192 172 3243; x_wconf 87' lang='lat' dir='ltr'>dc</span> <span class='ocrx_word' id='word_1_361' title='bbox 189 3190 396 3261; x_wconf 83' lang='lat' dir='ltr'>exemplaribus</span> <span class='ocrx_word' id='word_1_362' title='bbox 420 3192 535 3244; x_wconf 86' lang='lat' dir='ltr'>Graecis</span> <span class='ocrx_word' id='word_1_363' title='bbox 554 3190 716 3245; x_wconf 78' lang='lat' dir='ltr'>evolvendis</span> <span class='ocrx_word' id='word_1_364' title='bbox 738 3194 921 3262; x_wconf 81' lang='lat' dir='ltr'>impugnant:</span> <span class='ocrx_word' id='word_1_365' title='bbox 952 3198 1013 3267; x_wconf 90' lang='lat' dir='ltr'>qui·</span> 
     </span>
     <span class='ocr_line' id='line_1_46' title="bbox 64 3258 1013 3332; baseline -0.002 -17"><span class='ocrx_word' id='word_1_366' title='bbox 64 3261 119 3315; x_wconf 78' lang='lat' dir='ltr'>ltus</span> <span class='ocrx_word' id='word_1_367' title='bbox 143 3258 196 3311; x_wconf 84' lang='lat' dir='ltr'>ille</span> <span class='ocrx_word' id='word_1_368' title='bbox 219 3260 354 3311; x_wconf 88' lang='lat' dir='ltr'>continuo</span> <span class='ocrx_word' id='word_1_369' title='bbox 381 3260 543 3329; x_wconf 86' lang='lat' dir='ltr'>respondet,</span> <span class='ocrx_word' id='word_1_370' title='bbox 579 3260 701 3310; x_wconf 86' lang='lat' dir='ltr'>Nimium</span> <span class='ocrx_word' id='word_1_371' title='bbox 723 3264 854 3328; x_wconf 78' lang='lat' dir='ltr'>pacienter</span> <span class='ocrx_word' id='word_1_372' title='bbox 877 3276 1013 3332; x_wconf 82' lang='lat' dir='ltr'>utrumque</span> 
     </span>
     <span class='ocr_line' id='line_1_47' title="bbox 66 3328 1014 3399; baseline 0.002 -18"><span class='ocrx_word' id='word_1_373' title='bbox 66 3342 117 3381; x_wconf 79' lang='lat' dir='ltr'>etc.</span> <span class='ocrx_word' id='word_1_374' title='bbox 153 3330 244 3399; x_wconf 76' lang='lat' dir='ltr'>Atque</span> <span class='ocrx_word' id='word_1_375' title='bbox 267 3328 321 3381; x_wconf 83' lang='lat' dir='ltr'>hoc</span> <span class='ocrx_word' id='word_1_376' title='bbox 344 3328 459 3380; x_wconf 88' lang='lat' dir='ltr'>demum</span> <span class='ocrx_word' id='word_1_377' title='bbox 482 3328 534 3379; x_wconf 89' lang='lat' dir='ltr'>illo</span> <span class='ocrx_word' id='word_1_378' title='bbox 558 3338 639 3396; x_wconf 83' lang='lat' dir='ltr'>pacto</span> <span class='ocrx_word' id='word_1_379' title='bbox 664 3328 767 3381; x_wconf 86' lang='lat' dir='ltr'>miram</span> <span class='ocrx_word' id='word_1_380' title='bbox 786 3330 925 3398; x_wconf 85' lang='lat' dir='ltr'>quandam</span> <span class='ocrx_word' id='word_1_381' title='bbox 946 3330 1014 3383; x_wconf 85' lang='lat' dir='ltr'>huic</span> 
     </span>
     <span class='ocr_line' id='line_1_48' title="bbox 66 3396 1016 3464; baseline 0.001 -15"><span class='ocrx_word' id='word_1_382' title='bbox 66 3396 133 3451; x_wconf 86' lang='lat' dir='ltr'>loco</span> <span class='ocrx_word' id='word_1_383' title='bbox 150 3412 284 3449; x_wconf 76' lang='lat' dir='ltr'>venerem</span> <span class='ocrx_word' id='word_1_384' title='bbox 301 3410 464 3448; x_wconf 86' lang='lat' dir='ltr'>accrescere</span> <span class='ocrx_word' id='word_1_385' title='bbox 483 3405 569 3464; x_wconf 85' lang='lat' dir='ltr'>putat.</span> <span class='ocrx_word' id='word_1_386' title='bbox 603 3396 690 3448; x_wconf 83' lang='lat' dir='ltr'>Suum</span> <span class='ocrx_word' id='word_1_387' title='bbox 714 3398 824 3449; x_wconf 88' lang='lat' dir='ltr'>scilicet</span> <span class='ocrx_word' id='word_1_388' title='bbox 849 3400 895 3449; x_wconf 87' lang='lat' dir='ltr'>cui</span> <span class='ocrx_word' id='word_1_389' title='bbox 916 3415 951 3451; x_wconf 84' lang='lat' dir='ltr'>uo</span> <span class='ocrx_word' id='word_1_390' title='bbox 974 3408 1016 3459; x_wconf 79' lang='lat' dir='ltr'>est</span> 
     </span>
     <span class='ocr_line' id='line_1_49' title="bbox 61 3464 1014 3534; baseline 0.003 -16"><span class='ocrx_word' id='word_1_391' title='bbox 61 3466 220 3534; x_wconf 73' lang='lat' dir='ltr'>iudicium.</span> <span class='ocrx_word' id='word_1_392' title='bbox 256 3466 327 3517; x_wconf 83' lang='lat' dir='ltr'>Nam</span> <span class='ocrx_word' id='word_1_393' title='bbox 346 3464 418 3533; x_wconf 89' lang='lat' dir='ltr'>quod</span> <span class='ocrx_word' id='word_1_394' title='bbox 437 3466 503 3516; x_wconf 87' lang='lat' dir='ltr'>lruic</span> <span class='ocrx_word' id='word_1_395' title='bbox 525 3474 582 3517; x_wconf 85' lang='lat' dir='ltr'>tarn</span> <span class='ocrx_word' id='word_1_396' title='bbox 602 3474 751 3516; x_wconf 82' lang='lat' dir='ltr'>venustum</span> <span class='ocrx_word' id='word_1_397' title='bbox 775 3476 832 3533; x_wconf 86' lang='lat' dir='ltr'>est,</span> <span class='ocrx_word' id='word_1_398' title='bbox 863 3486 878 3519; x_wconf 83' lang='lat' dir='ltr'>a</span> <span class='ocrx_word' id='word_1_399' title='bbox 931 3467 1014 3521; x_wconf 81' lang='lat' dir='ltr'>risolo</span> 
     </span>
     <span class='ocr_line' id='line_1_50' title="bbox 65 3527 1014 3602; baseline -0.001 -14"><span class='ocrx_word' id='word_1_400' title='bbox 65 3527 141 3589; x_wconf 83' lang='lat' dir='ltr'>&#39;olim</span> <span class='ocrx_word' id='word_1_401' title='bbox 159 3534 362 3602; x_wconf 75' lang='lat' dir='ltr'>excogitatum,</span> <span class='ocrx_word' id='word_1_402' title='bbox 395 3532 735 3586; x_wconf 84' lang='lat' dir='ltr'>Victorioduriusculum</span> <span class='ocrx_word' id='word_1_403' title='bbox 758 3534 848 3586; x_wconf 81' lang='lat' dir='ltr'>risum</span> <span class='ocrx_word' id='word_1_404' title='bbox 867 3543 923 3601; x_wconf 83' lang='lat' dir='ltr'>est,</span> <span class='ocrx_word' id='word_1_405' title='bbox 951 3538 1014 3587; x_wconf 82' lang='lat' dir='ltr'>Ver.</span> 
     </span>
     <span class='ocr_line' id='line_1_51' title="bbox 68 3598 1015 3672; baseline 0 -17"><span class='ocrx_word' id='word_1_406' title='bbox 68 3602 148 3655; x_wconf 82' lang='lat' dir='ltr'>Lect.</span> <span class='ocrx_word' id='word_1_407' title='bbox 166 3602 228 3668; x_wconf 73' lang='lat' dir='ltr'>XV,</span> <span class='ocrx_word' id='word_1_408' title='bbox 252 3614 291 3669; x_wconf 78' lang='lat'>13.</span> <span class='ocrx_word' id='word_1_409' title='bbox 330 3598 410 3653; x_wconf 76' lang='lat' dir='ltr'>ridde</span> <span class='ocrx_word' id='word_1_410' title='bbox 428 3620 510 3672; x_wconf 84' lang='lat' dir='ltr'>vero,</span> <span class='ocrx_word' id='word_1_411' title='bbox 539 3602 564 3655; x_wconf 92' lang='lat' dir='ltr'>si</span> <span class='ocrx_word' id='word_1_412' title='bbox 581 3603 637 3666; x_wconf 88' lang='lat' dir='ltr'>ris,</span> <span class='ocrx_word' id='word_1_413' title='bbox 667 3612 695 3653; x_wconf 87' lang='lat' dir='ltr'>et</span> <span class='ocrx_word' id='word_1_414' title='bbox 712 3603 957 3657; x_wconf 84' lang='lat' dir='ltr'>absurdiusculurn</span> <span class='ocrx_word' id='word_1_415' title='bbox 976 3605 1015 3659; x_wconf 83' lang='lat' dir='ltr'>ri-</span> 
     </span>
    </p>
   </div>
   <div class='ocr_carea' id='block_1_6' title="bbox 0 0 1134 3900">
    <p class='ocr_par' dir='ltr' id='par_1_8' title="bbox 0 0 1134 3900">
     <span class='ocr_line' id='line_1_52' title="bbox 0 0 1134 3900; baseline 0 0"><span class='ocrx_word' id='word_1_416' title='bbox 0 0 1134 3900; x_wconf 95' lang='lat' dir='ltr'> </span> 
     </span>
    </p>
   </div>
  </div>
 </body>
</html>
