2250 3990
50 35 1100 101 -ῄΙ--Ι--ῂ

280 178 482 269 isauouurt
515 206 714 301 m·1‚‚3'·
840 178 843 185 Ι
916 212 981 281 447
1050 254 1052 260 ·

85 304 190 359 Fatuus
208 318 254 369 est,
272 306 399 371 insulsas,
417 307 524 373 tardus,
544 308 633 359 stertit
650 320 789 379 noctesque
807 322 832 361 et
850 310 915 363 dies.

49 374 65 427 »i
85 376 223 453 Donatus²
246 375 387 426 Intellecta
405 377 497 426 tardos
515 376 712 445 vocamus,'qui
728 380 805 429 stulti
819 393 889 432 sant.
913 382 981 433 Pin-

51 463 65 495 e
89 453 186 496 autem
211 446 349 509 ingenium
373 460 424 513 pro
449 444 555 509 stupido
579 444 679 495 Noster
701 452 730 497 et
753 446 873 500 Ovidius
901 448 981 501 dixe·

51 520 94 565 nt.
125 511 310 580 Quaerendae
328 514 423 581 itaque
437 510 494 561 iani
513 520 586 577 sunt,
606 528 638 561 er
657 522 752 565 mente
770 518 900 581 auctoris,
922 518 980 569 vir·

48 586 90 632 tes
107 576 190 645 illae,
219 596 286 649 quas
305 594 390 649 aegre
410 578 461 633 itte
480 580 536 631 sert
555 581 607 632 sub
624 580 726 634 horum
746 583 880 635 vitiorum
898 584 978 640 larva

48 648 128 699 {duci
146 656 175 699 et
192 647 325 701 derideri.
362 648 460 717 Neque
482 665 546 700 vero
565 646 614 701 diu
632 650 810 717 indagandae
827 662 908 709 sunta
934 654 979 708 sin

48 716 95 791 dm
112 716 144 769 in
162 726 299 787 promptu
316 725 440 771 estuare
457 716 542 769 huius
559 716 616 769 loci
633 718 735 771 lei-tio:

145 837 149 843 ,
566 786 666 853 probus
682 789 742 854 quis

82 852 234 905 Nobiscum
251 852 328 919 vivit,
350 852 463 903 multum
479 854 608 904 demissus
624 853 703 905 homo
721 852 791 915 illei

85 921 175 972 Tarda
194 938 227 973 ac
246 939 391 987 cognomen
406 922 504 989 pingui
519 922 622 979 doinus.

47 1006 69 1041 ut
88 1000 146 1056 est,
168 991 191 1040 si
209 990 308 1057 probas
324 990 388 1059 quis
405 998 433 1039 et
449 992 578 1040 demissus
595 986 744 1041 nobiscum
763 986 850 1053 vivit,
870 989 977 1043 tardam

59 1060 200 1126 -pinguem
228 1059 417 1109 nominamus.
433 1070 443 1081 ⁸
462 1060 516 1108 Ille
541 1066 636 1110 etitem
662 1066 737 1109 extat
762 1060 793 1107 in
822 1057 977 1112 Blandinio

47 1140 72 1177 'u
93 1126 136 1179 uii
154 1126 283 1178 omnium
303 1125 502 1180 vetustissimo:
522 1128 559 1177 Aa
576 1142 609 1176 er
621 1124 786 1179 coniectura
804 1125 974 1193 addidimus,

47 1146 91 1247 oi
109 1195 196 1246 facile
214 1211 267 1265 per
284 1195 430 1247 Librarius
453 1194 521 1246 elidi
541 1194 647 1264 potuit,
681 1210 747 1245 cum
773 1204 890 1263 propter
913 1212 977 1247 ora·

47 1267 100 1315 nis
126 1265 317 1334 hyperbaton,
354 1272 415 1315 tum
447 1264 484 1327 ob
506 1262 755 1317 consonantem'C
781 1262 909 1330 proxime
933 1279 976 1314 se·
1018 1266 1020 1271 '

46 1341 157 1384 entem.
193 1334 252 1385 Iam
270 1349 345 1400 vero,
366 1330 441 1403 quod
459 1331 494 1383 ad
513 1331 681 1384 sententiam
697 1329 814 1395 attinet,
825 1332 932 1398 probus
949 1342 977 1382 et

46 1402 142 1453 nissae
158 1401 331 1471 propinquas
354 1409 383 1450 et
406 1413 540 1469 cognatas
566 1400 683 1451 virtutes
707 1408 822 1465 notant,
851 1399 976 1469 ideoque

46 1486 53 1515 t
78 1469 311 1539 coniunguntur,
344 1476 377 1521 ut
396 1470 472 1538 apud
490 1469 659 1520 Ciceronem
679 1466 714 1519 da
732 1468 855 1519 Oratore
874 1468 917 1535 tt,
947 1482 972 1520 c.

86 1539 260 1601 facilitatis,
287 1536 474 1601 liberalitatis,
500 1536 726 1599 monstretudinis,
751 1538 875 1601 pietatis,
899 1537 974 1603 grati
1066 1588 1069 1596 ,

46 1604 105 1665 'eni
125 1624 179 1655 uon
197 1607 358 1671 appetentis,
376 1621 432 1653 non
450 1605 534 1667 avidi,
552 1604 634 1668 signa
650 1600 767 1681 pposerri
782 1606 897 1669 pernriie
915 1618 974 1655 est:
1057 1637 1062 1641 -

46 1688 94 1721 ete
113 1674 213 1733 arania,
232 1690 297 1737 quae
316 1673 479 1741 proborum,
502 1671 697 1735 demissorum,
718 1687 772 1719 non
789 1670 901 1732 acrium,
920 1690 975 1723 nois

45 1742 197 1806 tinacium,
216 1756 270 1789 non
287 1740 475 1805 litigiosorum,
494 1756 548 1789 non
565 1738 718 1788 acerborum
735 1750 810 1801 sunt,
834 1739 912 1787 valde
930 1740 976 1790 be·

45 1809 193 1857 ¹‹iteritiam
218 1808 371 1857 conciliant.
416 1808 524 1857 lterum
549 1805 651 1857 Cicero
674 1820 725 1875 pro
746 1804 868 1855 Murena
887 1822 912 1855 c.
930 1823 974 1871 40·

73 1874 146 1942 apud
166 1892 214 1924 vas
231 1876 374 1925 modestiae
393 1874 482 1937 lacus,
501 1876 538 1929 ¹rit
556 1874 687 1926 demissis.
701 1870 867 1930 hominihus
882 1876 976 1940 persa·

45 1960 96 2007 ven,
116 1944 152 1992 sit
169 1942 299 1993 auxilium
315 1943 421 2009 pudori.
456 1938 497 1993 Ex
513 1942 558 1994 his
575 1940 661 1995 facile
679 1940 827 2019 intelligis,
847 1940 974 2006 Probum,

45 2012 171 2075 nissam,
198 2024 379 2076 mansuetam,
407 2012 566 2074 modestum,
585 2010 739 2078 pudentem,
758 2016 877 2061 vlrtutes
897 2010 974 2062 inter

50 2078 160 2130 affines
184 2078 363 2145 significarer
394 2089 425 2130 ut
449 2078 525 2149 apud
550 2080 688 2145 Graecos,
716 2072 840 2144 ἐπιεικῆ,
871 2078 971 2146 πρᾶον,

44 2162 139 2212 razon,
164 2144 292 2212 χρηστὸν,
331 2146 407 2216 Quid
426 2147 522 2218 itaqua
540 2146 588 2199 hic
606 2148 731 2209 faciunt,
755 2139 808 2214 'qui
827 2148 923 2198 omnia
941 2146 974 2199 in

44 2211 92 2266 ius
110 2217 355 2283 interpretantur?
374 2233 476 2286 nempe
494 2215 632 2267 eiusmodi
651 2214 812 2281 hominem,
835 2214 902 2282 quia
919 2232 974 2266 non

44 2298 73 2330 ir
94 2296 148 2348 est,
177 2300 235 2333 uon
259 2282 411 2335 vehemens
435 2294 464 2335 et
487 2284 625 2349 fervidus,
656 2299 707 2352 pro
732 2284 808 2332 tardo
834 2295 859 2331 et
874 2284 974 2350 pingui

44 2350 181 2403 educunt:
200 2351 286 2419 idque
304 2370 337 2402 ea·
358 2371 439 2413 more,
458 2359 490 2404 ut
508 2352 547 2404 ait
565 2354 665 2403 Noster
683 2350 769 2417 alibi,
789 2364 906 2416 cognom
925 2370 971 2401 aa·

44 2418 109 2471 bula
127 2421 204 2468 rebus
220 2422 390 2485 imponentes.
416 2420 533 2488 ‘Exigua
552 2422 629 2472 enim
649 2428 713 2472 sunt
730 2418 870 2470 virtutum
886 2418 972 2470 vitio·

47 2502 132 2555 mque
158 2487 297 2553 confiniu3
327 2499 355 2539 et
380 2490 497 2539 omnino
522 2488 651 2559 paullum
676 2488 794 2537 interest
817 2488 893 2536 inter
917 2503 973 2537 non

48 2572 99 2605 rem
119 2565 147 2606 et
169 2558 291 2615 tardum
317 2556 404 2609 facila
423 2557 518 2625 itaque
539 2556 709 2625 probitatem
748 2554 777 2604 ui
797 2552 972 2606 calumniari

44 2622 88 2689 tlt,
115 2626 267 2673 tarditatem
284 2622 425 2694 appellem
453 2634 485 2674 ut
505 2624 630 2677 vicissim
648 2639 714 2674 cum
728 2573 850 2673 iaudara
868 2620 971 2689 studet,

43 2692 151 2741 obimus
168 2708 272 2743 nomen
290 2702 318 2743 et
335 2692 527 2762 patrocinium
546 2694 669 2742 tarditati
685 2688 832 2759 praetexit.
860 2687 973 2740 Plutar-

43 2776 80 2811 tus
100 2761 159 2811 vita
178 2762 337 2812 Artaxerxis
360 2780 386 2830 p.
409 2772 482 2825 ¹852·
526 2762 569 2811 Ην
587 2754 619 2811 δέ
641 2776 683 2819 τις
699 2754 747 2808 καὶ
768 2756 978 2809 alunnum·

43 2825 93 2896 τῇ
114 2824 194 2893 φύσει
213 2826 263 2879 τοῦ
282 2826 415 2897 βασιλέως
442 2828 639 2881 ΕΠΙΕΙΚΕΙΑ
657 2820 812 2893 φαινομένη
828 2826 888 2897 νοῖς
905 2826 973 2877 etot·
1012 2857 1016 2863 -
1056 2836 1064 2845 “

44 2896 78 2957 ῖς.
116 2897 183 2949 Eunt
203 2910 291 2946 uatem
308 2910 333 2948 et
351 2898 480 2949 Tarditas
497 2896 625 2966 quaedam
643 2894 671 2944 in
689 2896 762 2961 regis
778 2890 883 2959 indole,
904 2912 974 2962 quae
1008 2906 1011 2915 ·

50 2964 143 3017 multis
166 2964 294 3017 Probitas
316 2967 469 3033 putabatur.
522 2964 715 3034 Quintilianus
739 2962 831 3013 instit.
859 2962 912 3028 Vl,
944 2968 986 3030 §.¹

43 3034 89 3085 am
107 3044 146 3081 est
166 3049 207 3079 res
225 3034 309 3083 animi
326 3036 453 3099 iacentis,
474 3046 498 3083 et
518 3034 607 3084 mollis
623 3030 829 3099 supramodum
845 3028 971 3096 frontisg

42 3100 136 3169 Ilitque
153 3100 321 3167 plerumque,
351 3104 420 3169 quod
437 3102 565 3153 Probitas
582 3116 705 3167 vocatur,
737 3115 804 3167 auae
822 3110 862 3147 est
877 3098 971 3150 linha-¹

42 3168 125 3221 uitas.
172 3168 261 3218 Recte
288 3169 385 3238 itaque
409 3170 611 3240 explicavimus
636 3168 759 3220 auctoris
783 3166 969 3223 sententiam:

42 3237 120 3291 obas
139 3235 218 3287 eninr
236 3244 264 3287 et
281 3235 431 3305 demissus,
459 3248 603 3307 tamquam
621 3237 715 3289 turdus
734 3242 761 3287 st
778 3232 909 3311 pinguis,
927 3234 971 3287 fa-

42 3306 68 3359 le
88 3306 281 3374 vituperatum
312 3315 343 3357 ut
362 3305 439 3356 homo
457 3306 566 3357 minime
584 3306 687 3372 inulas,
714 3302 859 3374 qui1de1n
877 3310 970 3356 astas

42 3377 125 3439 obus,
145 3373 305 3442 prouehere
324 3374 447 3442 ponitur¹
482 3374 518 3425 Et
534 3374 624 3426 miror
641 3372 774 3445 equidem
784 3370 969 3437 Lambinuna

41 3444 59 3495 ii
81 3446 114 3493 in
132 3443 228 3510 priore
247 3441 373 3495 editione
390 3459 490 3497 varum
507 3460 541 3494 ex
565 3451 645 3512 parta
668 3442 794 3506 viderat,
822 3447 919 3509 postea
936 3439 970 3492 in

43 3511 87 3564 ris
106 3510 237 3562 secundis
253 3528 338 3579 seque
356 3520 384 3562 et
402 3512 478 3565 illud
495 3512 658 3565 deseruisse.
695 3511 827 3563 Ceterum
845 3506 919 3560 illud
936 3506 970 3561 itt

41 3580 223 3635 astructione
247 3580 414 3649 mubiguum
438 3588 492 3645 ειη
528 3588 663 3633 utrumne
686 3578 754 3631 vivit
776 3576 901 3649 multum,
930 3589 972 3631 m
