<?xml version="1.0" encoding="UTF-8"?>
<!DOCTYPE html PUBLIC "-//W3C//DTD XHTML 1.0 Transitional//EN"
    "http://www.w3.org/TR/xhtml1/DTD/xhtml1-transitional.dtd">
<html xmlns="http://www.w3.org/1999/xhtml" xml:lang="en" lang="en">
 <head>
  <title>
</title>
<meta http-equiv="Content-Type" content="text/html;charset=utf-8" />
  <meta name='ocr-system' content='tesseract 3.04.00' />
  <meta name='ocr-capabilities' content='ocr_page ocr_carea ocr_par ocr_line ocrx_word'/>
</head>
<body>
  <div class='ocr_page' id='page_1' title='image "./richardibentlei00bentgoog_0367.png"; bbox 0 0 2250 3990; ppageno 0'>
   <div class='ocr_carea' id='block_1_1' title="bbox 115 138 1077 307">
    <p class='ocr_par' dir='ltr' id='par_1_1' title="bbox 115 138 1077 307">
     <span class='ocr_line' id='line_1_1' title="bbox 115 138 794 224; baseline -0.012 -21"><span class='ocrx_word' id='word_1_1' title='bbox 115 138 181 203; x_wconf 73' lang='lat'><strong>340</strong></span> <span class='ocrx_word' id='word_1_2' title='bbox 406 150 438 224; x_wconf 68' lang='grc'><strong>9.</strong></span> <span class='ocrx_word' id='word_1_3' title='bbox 468 150 630 193; x_wconf 75' lang='lat' dir='ltr'><strong>nonem</strong></span> <span class='ocrx_word' id='word_1_4' title='bbox 663 150 794 196; x_wconf 73' lang='lat' dir='ltr'><strong>enecet</strong></span> 
     </span>
     <span class='ocr_line' id='line_1_2' title="bbox 115 222 1077 307; baseline 0 -20"><span class='ocrx_word' id='word_1_5' title='bbox 115 235 270 287; x_wconf 86' lang='lat' dir='ltr'><strong>lectionem</strong></span> <span class='ocrx_word' id='word_1_6' title='bbox 293 237 354 284; x_wconf 81' lang='lat' dir='ltr'><strong>tem</strong></span> <span class='ocrx_word' id='word_1_7' title='bbox 380 228 500 300; x_wconf 88' lang='lat' dir='ltr'><strong>impune</strong></span> <span class='ocrx_word' id='word_1_8' title='bbox 527 250 625 285; x_wconf 84' lang='lat' dir='ltr'><strong>omnes</strong></span> <span class='ocrx_word' id='word_1_9' title='bbox 648 222 820 305; x_wconf 76' lang='lat' dir='ltr'><strong>interpretes</strong></span> <span class='ocrx_word' id='word_1_10' title='bbox 845 230 961 287; x_wconf 62' lang='lat' dir='ltr'><strong>lueida.</strong></span> <span class='ocrx_word' id='word_1_11' title='bbox 1009 234 1077 307; x_wconf 80' lang='lat' dir='ltr'><strong>Quid</strong></span> 
     </span>
    </p>
   </div>
   <div class='ocr_carea' id='block_1_2' title="bbox 115 298 1093 850">
    <p class='ocr_par' dir='ltr' id='par_1_2' title="bbox 116 298 1077 505">
     <span class='ocr_line' id='line_1_3' title="bbox 116 298 1077 369; baseline 0.005 -14"><span class='ocrx_word' id='word_1_12' title='bbox 116 303 210 369; x_wconf 86' lang='lat' dir='ltr'><strong>enim,</strong></span> <span class='ocrx_word' id='word_1_13' title='bbox 232 301 348 365; x_wconf 75' lang='lat' dir='ltr'><strong>amabo,</strong></span> <span class='ocrx_word' id='word_1_14' title='bbox 375 300 416 349; x_wconf 82' lang='lat' dir='ltr'><strong>bis</strong></span> <span class='ocrx_word' id='word_1_15' title='bbox 432 313 474 351; x_wconf 83' lang='lat' dir='ltr'><strong>ter</strong></span> <span class='ocrx_word' id='word_1_16' title='bbox 492 302 594 351; x_wconf 79' lang='lat' dir='ltr'><strong>ulnae?</strong></span> <span class='ocrx_word' id='word_1_17' title='bbox 639 298 683 355; x_wconf 81' lang='lat' dir='ltr'><strong>uie</strong></span> <span class='ocrx_word' id='word_1_18' title='bbox 701 304 834 356; x_wconf 86' lang='lat' dir='ltr'><strong>omnium</strong></span> <span class='ocrx_word' id='word_1_19' title='bbox 850 301 1029 359; x_wconf 69' lang='lat' dir='ltr'><strong>mortalium</strong></span> <span class='ocrx_word' id='word_1_20' title='bbox 1043 306 1077 359; x_wconf 82' lang='lat' dir='ltr'><strong>eie</strong></span> 
     </span>
     <span class='ocr_line' id='line_1_4' title="bbox 116 320 693 441; baseline -0.002 -17"><span class='ocrx_word' id='word_1_21' title='bbox 116 373 230 426; x_wconf 73' lang='lat' dir='ltr'><strong>locutus</strong></span> <span class='ocrx_word' id='word_1_22' title='bbox 250 369 313 420; x_wconf 75' lang='lat' dir='ltr'><strong>est?</strong></span> <span class='ocrx_word' id='word_1_23' title='bbox 338 367 406 419; x_wconf 88' lang='lat' dir='ltr'><strong>Sine</strong></span> <span class='ocrx_word' id='word_1_24' title='bbox 424 368 510 420; x_wconf 86' lang='lat' dir='ltr'><strong>dubio</strong></span> <span class='ocrx_word' id='word_1_25' title='bbox 529 320 693 441; x_wconf 69' lang='lat' dir='ltr'><strong>legentium,</strong></span> 
     </span>
     <span class='ocr_line' id='line_1_5' title="bbox 185 435 656 505; baseline 0 -16"><span class='ocrx_word' id='word_1_26' title='bbox 185 440 252 489; x_wconf 86' lang='lat' dir='ltr'><strong>Cum</strong></span> <span class='ocrx_word' id='word_1_27' title='bbox 269 437 310 486; x_wconf 83' lang='lat' dir='ltr'><strong>bis</strong></span> <span class='ocrx_word' id='word_1_28' title='bbox 325 435 413 487; x_wconf 87' lang='lat' dir='ltr'><strong>trium</strong></span> <span class='ocrx_word' id='word_1_29' title='bbox 432 439 557 487; x_wconf 85' lang='lat' dir='ltr'><strong>ulnarum</strong></span> <span class='ocrx_word' id='word_1_30' title='bbox 574 451 656 505; x_wconf 81' lang='lat' dir='ltr'><strong>tego.-</strong></span> 
     </span>
    </p>

    <p class='ocr_par' dir='ltr' id='par_1_3' title="bbox 115 505 1093 850">
     <span class='ocr_line' id='line_1_6' title="bbox 115 505 1078 580; baseline 0 -18"><span class='ocrx_word' id='word_1_31' title='bbox 115 510 170 562; x_wconf 86' lang='lat' dir='ltr'><strong>hoc</strong></span> <span class='ocrx_word' id='word_1_32' title='bbox 189 514 238 571; x_wconf 82' lang='lat' dir='ltr'><strong>est,</strong></span> <span class='ocrx_word' id='word_1_33' title='bbox 258 522 317 556; x_wconf 89' lang='lat' dir='ltr'><strong>cum</strong></span> <span class='ocrx_word' id='word_1_34' title='bbox 335 522 382 555; x_wconf 78' lang='lat' dir='ltr'><strong>see</strong></span> <span class='ocrx_word' id='word_1_35' title='bbox 399 505 523 556; x_wconf 82' lang='lat' dir='ltr'><strong>ulnarum</strong></span> <span class='ocrx_word' id='word_1_36' title='bbox 541 520 613 573; x_wconf 80' lang='lat' dir='ltr'><strong>toga,</strong></span> <span class='ocrx_word' id='word_1_37' title='bbox 635 512 679 572; x_wconf 85' lang='lat' dir='ltr'><strong>(ut</strong></span> <span class='ocrx_word' id='word_1_38' title='bbox 695 516 774 559; x_wconf 84' lang='lat' dir='ltr'><strong>recto</strong></span> <span class='ocrx_word' id='word_1_39' title='bbox 789 508 995 580; x_wconf 77' lang='lat' dir='ltr'><strong>Porphyrion)</strong></span> <span class='ocrx_word' id='word_1_40' title='bbox 1015 510 1078 563; x_wconf 78' lang='lat' dir='ltr'><strong>liene</strong></span> 
     </span>
     <span class='ocr_line' id='line_1_7' title="bbox 117 576 1078 643; baseline 0.003 -13"><span class='ocrx_word' id='word_1_41' title='bbox 117 590 206 630; x_wconf 84' lang='lat' dir='ltr'><strong>autem</strong></span> <span class='ocrx_word' id='word_1_42' title='bbox 221 577 309 624; x_wconf 81' lang='lat' dir='ltr'><strong>iustae</strong></span> <span class='ocrx_word' id='word_1_43' title='bbox 325 584 403 639; x_wconf 78' lang='lat' dir='ltr'><strong>togae</strong></span> <span class='ocrx_word' id='word_1_44' title='bbox 428 591 579 625; x_wconf 84' lang='lat' dir='ltr'><strong>mensuram</strong></span> <span class='ocrx_word' id='word_1_45' title='bbox 600 576 805 643; x_wconf 80' lang='lat' dir='ltr'><strong>intelligendum</strong></span> <span class='ocrx_word' id='word_1_46' title='bbox 823 592 873 629; x_wconf 81' lang='lat' dir='ltr'><strong>est.</strong></span> <span class='ocrx_word' id='word_1_47' title='bbox 910 576 1078 633; x_wconf 65' lang='lat' dir='ltr'><strong>Scholiasta</strong></span> 
     </span>
     <span class='ocr_line' id='line_1_8' title="bbox 116 640 1077 712; baseline 0.001 -14"><span class='ocrx_word' id='word_1_48' title='bbox 116 644 207 698; x_wconf 81' lang='lat' dir='ltr'><strong>Persii</strong></span> <span class='ocrx_word' id='word_1_49' title='bbox 225 641 261 693; x_wconf 81' lang='lat' dir='ltr'><strong>ed</strong></span> <span class='ocrx_word' id='word_1_50' title='bbox 278 640 400 693; x_wconf 81' lang='lat' dir='ltr'><strong>Sutirnm</strong></span> <span class='ocrx_word' id='word_1_51' title='bbox 418 644 494 708; x_wconf 66' lang='lat' dir='ltr'><strong>V„v.</strong></span> <span class='ocrx_word' id='word_1_52' title='bbox 515 658 554 707; x_wconf 87' lang='lat'><strong>14.</strong></span> <span class='ocrx_word' id='word_1_53' title='bbox 589 642 719 694; x_wconf 83' lang='lat' dir='ltr'><em>Mensura</em></span> <span class='ocrx_word' id='word_1_54' title='bbox 737 658 816 712; x_wconf 82' lang='lat' dir='ltr'><strong>togae</strong></span> <span class='ocrx_word' id='word_1_55' title='bbox 834 649 926 697; x_wconf 76' lang='lat' dir='ltr'><strong>iustae</strong></span> <span class='ocrx_word' id='word_1_56' title='bbox 945 664 1029 699; x_wconf 79' lang='lat' dir='ltr'><strong>sertae</strong></span> <span class='ocrx_word' id='word_1_57' title='bbox 1042 648 1077 705; x_wconf 78' lang='lat' dir='ltr'><strong>e!-</strong></span> 
     </span>
     <span class='ocr_line' id='line_1_9' title="bbox 115 708 1093 780; baseline 0.002 -15"><span class='ocrx_word' id='word_1_58' title='bbox 115 732 167 765; x_wconf 82' lang='lat' dir='ltr'><strong>nas</strong></span> <span class='ocrx_word' id='word_1_59' title='bbox 183 709 306 762; x_wconf 77' lang='lat' dir='ltr'><strong>habebnt.</strong></span> <span class='ocrx_word' id='word_1_60' title='bbox 339 708 465 761; x_wconf 76' lang='lat' dir='ltr'><strong>Isidorus</strong></span> <span class='ocrx_word' id='word_1_61' title='bbox 483 709 565 779; x_wconf 83' lang='lat' dir='ltr'><strong>Orig.</strong></span> <span class='ocrx_word' id='word_1_62' title='bbox 583 712 662 780; x_wconf 80' lang='lat' dir='ltr'><strong>xlx,</strong></span> <span class='ocrx_word' id='word_1_63' title='bbox 690 729 732 778; x_wconf 79' lang='lat'><strong>24.</strong></span> <span class='ocrx_word' id='word_1_64' title='bbox 766 714 902 765; x_wconf 81' lang='lat' dir='ltr'><strong>Mensura</strong></span> <span class='ocrx_word' id='word_1_65' title='bbox 928 730 1023 768; x_wconf 82' lang='lat' dir='ltr'><strong>autem</strong></span> <span class='ocrx_word' id='word_1_66' title='bbox 1044 728 1093 777; x_wconf 64' lang='lat' dir='ltr'><strong>te,</strong></span> 
     </span>
     <span class='ocr_line' id='line_1_10' title="bbox 115 779 1077 850; baseline 0.004 -17"><span class='ocrx_word' id='word_1_67' title='bbox 115 800 167 850; x_wconf 76' lang='lat' dir='ltr'><strong>gne</strong></span> <span class='ocrx_word' id='word_1_68' title='bbox 184 783 286 842; x_wconf 82' lang='lat' dir='ltr'><strong>iustae,</strong></span> <span class='ocrx_word' id='word_1_69' title='bbox 319 779 344 828; x_wconf 86' lang='lat' dir='ltr'><strong>si</strong></span> <span class='ocrx_word' id='word_1_70' title='bbox 368 781 415 827; x_wconf 73' lang='lat' dir='ltr'><strong>sei</strong></span> <span class='ocrx_word' id='word_1_71' title='bbox 434 780 513 828; x_wconf 84' lang='lat' dir='ltr'><strong>ulnas</strong></span> <span class='ocrx_word' id='word_1_72' title='bbox 529 779 635 830; x_wconf 83' lang='lat' dir='ltr'><strong>hebeat.</strong></span> <span class='ocrx_word' id='word_1_73' title='bbox 679 782 766 850; x_wconf 79' lang='lat' dir='ltr'><strong>Atqui</strong></span> <span class='ocrx_word' id='word_1_74' title='bbox 789 801 839 834; x_wconf 79' lang='lat' dir='ltr'><strong>see</strong></span> <span class='ocrx_word' id='word_1_75' title='bbox 855 782 941 835; x_wconf 83' lang='lat' dir='ltr'><strong>ulnae</strong></span> <span class='ocrx_word' id='word_1_76' title='bbox 959 784 1077 837; x_wconf 77' lang='lat' dir='ltr'><strong>mntbit</strong></span> 
     </span>
    </p>
   </div>
   <div class='ocr_carea' id='block_1_3' title="bbox 113 846 1076 972">
    <p class='ocr_par' dir='ltr' id='par_1_4' title="bbox 113 846 1076 972">
     <span class='ocr_line' id='line_1_11' title="bbox 115 846 1076 915; baseline 0.003 -13"><span class='ocrx_word' id='word_1_77' title='bbox 115 868 177 914; x_wconf 86' lang='lat' dir='ltr'><strong>tres,</strong></span> <span class='ocrx_word' id='word_1_78' title='bbox 197 865 256 900; x_wconf 88' lang='lat' dir='ltr'><strong>non</strong></span> <span class='ocrx_word' id='word_1_79' title='bbox 274 847 371 896; x_wconf 75' lang='lat' dir='ltr'><strong>hister</strong></span> <span class='ocrx_word' id='word_1_80' title='bbox 389 846 492 896; x_wconf 79' lang='lat' dir='ltr'><strong>ulnae?</strong></span> <span class='ocrx_word' id='word_1_81' title='bbox 519 863 591 915; x_wconf 74' lang='lat' dir='ltr'><strong>quae</strong></span> <span class='ocrx_word' id='word_1_82' title='bbox 609 863 687 901; x_wconf 84' lang='lat' dir='ltr'><strong>meru</strong></span> <span class='ocrx_word' id='word_1_83' title='bbox 704 857 746 901; x_wconf 82' lang='lat' dir='ltr'><strong>eet</strong></span> <span class='ocrx_word' id='word_1_84' title='bbox 764 850 926 904; x_wconf 69' lang='lat' dir='ltr'><strong>barbariei.</strong></span> <span class='ocrx_word' id='word_1_85' title='bbox 962 852 1076 905; x_wconf 69' lang='lat' dir='ltr'><strong>Lacteu-</strong></span> 
     </span>
     <span class='ocr_line' id='line_1_12' title="bbox 113 914 611 972; baseline -0.006 -1"><span class='ocrx_word' id='word_1_86' title='bbox 113 922 173 972; x_wconf 80' lang='lat' dir='ltr'><strong>tius</strong></span> <span class='ocrx_word' id='word_1_87' title='bbox 191 917 224 967; x_wconf 92' lang='lat' dir='ltr'><strong>in</strong></span> <span class='ocrx_word' id='word_1_88' title='bbox 244 914 371 967; x_wconf 77' lang='lat' dir='ltr'><strong>carmine</strong></span> <span class='ocrx_word' id='word_1_89' title='bbox 389 914 611 969; x_wconf 80' lang='lat' dir='ltr'><strong>DePhoenice:</strong></span> 
     </span>
    </p>
   </div>
   <div class='ocr_carea' id='block_1_4' title="bbox 52 980 1073 3645">
    <p class='ocr_par' dir='ltr' id='par_1_5' title="bbox 116 980 745 1107">
     <span class='ocr_line' id='line_1_13' title="bbox 184 980 745 1037; baseline 0 -1"><span class='ocrx_word' id='word_1_90' title='bbox 184 986 237 1036; x_wconf 87' lang='lat' dir='ltr'><strong>Per</strong></span> <span class='ocrx_word' id='word_1_91' title='bbox 253 984 297 1035; x_wconf 82' lang='lat' dir='ltr'><strong>bie</strong></span> <span class='ocrx_word' id='word_1_92' title='bbox 313 998 360 1033; x_wconf 83' lang='lat' dir='ltr'><strong>sex</strong></span> <span class='ocrx_word' id='word_1_93' title='bbox 378 980 461 1033; x_wconf 84' lang='lat' dir='ltr'><strong>ulnae</strong></span> <span class='ocrx_word' id='word_1_94' title='bbox 479 985 576 1033; x_wconf 86' lang='lat' dir='ltr'><strong>eminet</strong></span> <span class='ocrx_word' id='word_1_95' title='bbox 593 984 643 1035; x_wconf 80' lang='lat' dir='ltr'><strong>iste</strong></span> <span class='ocrx_word' id='word_1_96' title='bbox 662 983 745 1037; x_wconf 79' lang='lat' dir='ltr'><strong>loeus.</strong></span> 
     </span>
     <span class='ocr_line' id='line_1_14' title="bbox 116 1049 389 1107; baseline -0.029 0"><span class='ocrx_word' id='word_1_97' title='bbox 116 1054 203 1107; x_wconf 73' lang='lat' dir='ltr'><strong>Silius</strong></span> <span class='ocrx_word' id='word_1_98' title='bbox 221 1051 285 1103; x_wconf 84' lang='lat' dir='ltr'><strong>Ital.</strong></span> <span class='ocrx_word' id='word_1_99' title='bbox 304 1049 389 1101; x_wconf 82' lang='lat' dir='ltr'><strong>xvtl.</strong></span> 
     </span>
    </p>

    <p class='ocr_par' dir='ltr' id='par_1_6' title="bbox 115 1116 1023 1255">
     <span class='ocr_line' id='line_1_15' title="bbox 184 1116 1023 1188; baseline 0.006 -18"><span class='ocrx_word' id='word_1_100' title='bbox 184 1122 286 1188; x_wconf 78' lang='lat' dir='ltr'><em>Perque</em></span> <span class='ocrx_word' id='word_1_101' title='bbox 302 1116 346 1170; x_wconf 83' lang='lat' dir='ltr'><strong>his</strong></span> <span class='ocrx_word' id='word_1_102' title='bbox 363 1125 480 1170; x_wconf 73' lang='lat' dir='ltr'><strong>octonos</strong></span> <span class='ocrx_word' id='word_1_103' title='bbox 495 1119 596 1184; x_wconf 84' lang='lat' dir='ltr'><strong>primus</strong></span> <span class='ocrx_word' id='word_1_104' title='bbox 605 1118 665 1186; x_wconf 83' lang='lat' dir='ltr'><strong>suit</strong></span> <span class='ocrx_word' id='word_1_105' title='bbox 682 1117 824 1171; x_wconf 81' lang='lat' dir='ltr'><strong><em>Hannibal</em></strong></span> <span class='ocrx_word' id='word_1_106' title='bbox 840 1136 946 1175; x_wconf 71' lang='lat' dir='ltr'><strong>ennoe-</strong></span> <span class='ocrx_word' id='word_1_107' title='bbox 966 1134 971 1155; x_wconf 95' lang='grc'><strong>·’</strong></span> <span class='ocrx_word' id='word_1_108' title='bbox 1018 1154 1023 1161; x_wconf 91' lang='grc'>-</span> 
     </span>
     <span class='ocr_line' id='line_1_16' title="bbox 115 1184 596 1255; baseline -0.012 -11"><span class='ocrx_word' id='word_1_109' title='bbox 115 1188 288 1243; x_wconf 83' lang='lat' dir='ltr'><strong>Prudentiue</strong></span> <span class='ocrx_word' id='word_1_110' title='bbox 305 1184 455 1255; x_wconf 77' lang='lat' dir='ltr'><strong>Apotheosi</strong></span> <span class='ocrx_word' id='word_1_111' title='bbox 474 1205 500 1237; x_wconf 86' lang='lat' dir='ltr'><strong>v.</strong></span> <span class='ocrx_word' id='word_1_112' title='bbox 523 1203 596 1241; x_wconf 85' lang='lat'><em>1001.</em></span> 
     </span>
    </p>

    <p class='ocr_par' dir='ltr' id='par_1_7' title="bbox 52 1253 1073 1602">
     <span class='ocr_line' id='line_1_17' title="bbox 182 1253 919 1325; baseline 0.001 -18"><span class='ocrx_word' id='word_1_113' title='bbox 182 1256 274 1325; x_wconf 84' lang='lat' dir='ltr'><strong>Quam</strong></span> <span class='ocrx_word' id='word_1_114' title='bbox 290 1253 333 1305; x_wconf 82' lang='lat' dir='ltr'><strong>bie</strong></span> <span class='ocrx_word' id='word_1_115' title='bbox 349 1263 432 1305; x_wconf 82' lang='lat' dir='ltr'><strong>terne</strong></span> <span class='ocrx_word' id='word_1_116' title='bbox 450 1256 676 1315; x_wconf 70' lang='lat' dir='ltr'><strong>malievexarunt</strong></span> <span class='ocrx_word' id='word_1_117' title='bbox 693 1255 807 1309; x_wconf 77' lang='lat' dir='ltr'><strong>subbato</strong></span> <span class='ocrx_word' id='word_1_118' title='bbox 827 1257 919 1307; x_wconf 77' lang='lat' dir='ltr'><strong>noxie.</strong></span> 
     </span>
     <span class='ocr_line' id='line_1_18' title="bbox 115 1321 1073 1396; baseline -0.002 -17"><span class='ocrx_word' id='word_1_119' title='bbox 115 1336 200 1396; x_wconf 79' lang='lat' dir='ltr'><strong>atque</strong></span> <span class='ocrx_word' id='word_1_120' title='bbox 219 1325 260 1375; x_wconf 82' lang='lat' dir='ltr'><strong>ita</strong></span> <span class='ocrx_word' id='word_1_121' title='bbox 284 1321 336 1375; x_wconf 79' lang='lat' dir='ltr'><strong>alii</strong></span> <span class='ocrx_word' id='word_1_122' title='bbox 353 1322 465 1391; x_wconf 74' lang='lat' dir='ltr'><strong>puteim.</strong></span> <span class='ocrx_word' id='word_1_123' title='bbox 500 1322 632 1377; x_wconf 88' lang='lat' dir='ltr'><strong>Ceterum</strong></span> <span class='ocrx_word' id='word_1_124' title='bbox 652 1324 703 1377; x_wconf 83' lang='lat' dir='ltr'><strong>diu</strong></span> <span class='ocrx_word' id='word_1_125' title='bbox 719 1332 870 1395; x_wconf 79' lang='lat' dir='ltr'><strong>postquem</strong></span> <span class='ocrx_word' id='word_1_126' title='bbox 887 1324 967 1376; x_wconf 79' lang='lat' dir='ltr'><strong>huno</strong></span> <span class='ocrx_word' id='word_1_127' title='bbox 983 1340 1073 1377; x_wconf 76' lang='lat' dir='ltr'><strong>emen·</strong></span> 
     </span>
     <span class='ocr_line' id='line_1_19' title="bbox 113 1388 1072 1459; baseline -0.005 -11"><span class='ocrx_word' id='word_1_128' title='bbox 113 1394 258 1448; x_wconf 78' lang='lat' dir='ltr'><strong>detionem</strong></span> <span class='ocrx_word' id='word_1_129' title='bbox 276 1392 409 1456; x_wconf 78' lang='lat' dir='ltr'><strong>fecerum,</strong></span> <span class='ocrx_word' id='word_1_130' title='bbox 429 1392 515 1442; x_wconf 83' lang='lat' dir='ltr'><strong>etiem</strong></span> <span class='ocrx_word' id='word_1_131' title='bbox 532 1388 784 1459; x_wconf 73' lang='grc' dir='ltr'><strong><em>πολυμαθέστατον</em></strong></span> <span class='ocrx_word' id='word_1_132' title='bbox 799 1393 956 1445; x_wconf 75' lang='lat' dir='ltr'><strong>Boethium</strong></span> <span class='ocrx_word' id='word_1_133' title='bbox 974 1392 1006 1445; x_wconf 82' lang='lat' dir='ltr'><strong>in</strong></span> <span class='ocrx_word' id='word_1_134' title='bbox 1023 1392 1072 1445; x_wconf 75' lang='lat' dir='ltr'><strong>nd·</strong></span> 
     </span>
     <span class='ocr_line' id='line_1_20' title="bbox 114 1458 1073 1532; baseline -0.004 -15"><span class='ocrx_word' id='word_1_135' title='bbox 114 1460 246 1517; x_wconf 76' lang='lat' dir='ltr'><strong>verreriis</strong></span> <span class='ocrx_word' id='word_1_136' title='bbox 263 1458 343 1524; x_wconf 89' lang='lat' dir='ltr'><strong>LIV,</strong></span> <span class='ocrx_word' id='word_1_137' title='bbox 364 1460 405 1511; x_wconf 80' lang='lat'><strong>26.</strong></span> <span class='ocrx_word' id='word_1_138' title='bbox 424 1458 456 1511; x_wconf 88' lang='lat' dir='ltr'><strong>in</strong></span> <span class='ocrx_word' id='word_1_139' title='bbox 473 1460 592 1513; x_wconf 75' lang='lat' dir='ltr'><strong>eundem</strong></span> <span class='ocrx_word' id='word_1_140' title='bbox 609 1461 744 1513; x_wconf 66' lang='lat' dir='ltr'><strong>incidisse</strong></span> <span class='ocrx_word' id='word_1_141' title='bbox 762 1460 972 1530; x_wconf 73' lang='lat' dir='ltr'><strong>animadverti,</strong></span> <span class='ocrx_word' id='word_1_142' title='bbox 992 1476 1073 1532; x_wconf 77' lang='lat' dir='ltr'><strong>quem</strong></span> 
     </span>
     <span class='ocr_line' id='line_1_21' title="bbox 52 1526 951 1602; baseline -0.002 -19"><span class='ocrx_word' id='word_1_143' title='bbox 52 1552 58 1569; x_wconf 89' lang='lat'><strong>·</strong></span> <span class='ocrx_word' id='word_1_144' title='bbox 112 1529 236 1602; x_wconf 78' lang='lat' dir='ltr'><strong>proinde</strong></span> <span class='ocrx_word' id='word_1_145' title='bbox 252 1529 281 1580; x_wconf 88' lang='lat' dir='ltr'><strong>ei</strong></span> <span class='ocrx_word' id='word_1_146' title='bbox 297 1527 423 1596; x_wconf 85' lang='lat' dir='ltr'><strong>ingenue</strong></span> <span class='ocrx_word' id='word_1_147' title='bbox 442 1536 471 1579; x_wconf 89' lang='lat' dir='ltr'><strong>et</strong></span> <span class='ocrx_word' id='word_1_148' title='bbox 487 1526 611 1581; x_wconf 79' lang='lat' dir='ltr'>libenter</span> <span class='ocrx_word' id='word_1_149' title='bbox 631 1529 753 1597; x_wconf 76' lang='lat' dir='ltr'><strong>resigno.</strong></span> <span class='ocrx_word' id='word_1_150' title='bbox 871 1550 874 1555; x_wconf 93' lang='lat'>·</span> <span class='ocrx_word' id='word_1_151' title='bbox 948 1557 951 1563; x_wconf 94' lang='lat'>·</span> 
     </span>
    </p>

    <p class='ocr_par' dir='ltr' id='par_1_8' title="bbox 112 1595 1072 1857">
     <span class='ocr_line' id='line_1_22' title="bbox 148 1595 1072 1668; baseline 0.001 -20"><span class='ocrx_word' id='word_1_152' title='bbox 148 1600 189 1653; x_wconf 83' lang='lat'><strong>16.</strong></span> <span class='ocrx_word' id='word_1_153' title='bbox 211 1596 316 1649; x_wconf 77' lang='lat' dir='ltr'><strong>Othone</strong></span> <span class='ocrx_word' id='word_1_154' title='bbox 335 1608 465 1647; x_wconf 83' lang='lat' dir='ltr'><strong>contemto</strong></span> <span class='ocrx_word' id='word_1_155' title='bbox 486 1597 569 1664; x_wconf 76' lang='lat' dir='ltr'><strong>sedet]</strong></span> <span class='ocrx_word' id='word_1_156' title='bbox 607 1598 704 1649; x_wconf 83' lang='lat' dir='ltr'><strong>Editio</strong></span> <span class='ocrx_word' id='word_1_157' title='bbox 732 1598 826 1668; x_wconf 73' lang='lat' dir='ltr'><strong>prima</strong></span> <span class='ocrx_word' id='word_1_158' title='bbox 849 1611 926 1667; x_wconf 65' lang='lat' dir='ltr'><strong>quun</strong></span> <span class='ocrx_word' id='word_1_159' title='bbox 950 1595 1072 1650; x_wconf 79' lang='lat' dir='ltr'><strong>venedie</strong></span> 
     </span>
     <span class='ocr_line' id='line_1_23' title="bbox 112 1664 823 1741; baseline -0.004 -20"><span class='ocrx_word' id='word_1_160' title='bbox 112 1666 223 1741; x_wconf 84' lang='lat' dir='ltr'><strong>prodiit</strong></span> <span class='ocrx_word' id='word_1_161' title='bbox 243 1683 318 1717; x_wconf 81' lang='lat' dir='ltr'><strong>enno</strong></span> <span class='ocrx_word' id='word_1_162' title='bbox 338 1675 411 1734; x_wconf 81' lang='lat'><strong>1478,</strong></span> <span class='ocrx_word' id='word_1_163' title='bbox 431 1665 510 1717; x_wconf 86' lang='lat' dir='ltr'><strong>uliud</strong></span> <span class='ocrx_word' id='word_1_164' title='bbox 528 1664 597 1732; x_wconf 85' lang='lat' dir='ltr'><strong>quid</strong></span> <span class='ocrx_word' id='word_1_165' title='bbox 618 1666 762 1735; x_wconf 74' lang='lat' dir='ltr'><strong>profert:-</strong></span> <span class='ocrx_word' id='word_1_166' title='bbox 820 1716 823 1729; x_wconf 74' lang='grc'>,</span> 
     </span>
     <span class='ocr_line' id='line_1_24' title="bbox 134 1734 753 1804; baseline -0.005 -16"><span class='ocrx_word' id='word_1_167' title='bbox 134 1766 144 1801; x_wconf 71' lang='grc'><strong>,-</strong></span> <span class='ocrx_word' id='word_1_168' title='bbox 183 1734 365 1802; x_wconf 80' lang='lat' dir='ltr'><strong>Sedilihueque</strong></span> <span class='ocrx_word' id='word_1_169' title='bbox 383 1750 497 1801; x_wconf 73' lang='lat' dir='ltr'><strong>mugetus</strong></span> <span class='ocrx_word' id='word_1_170' title='bbox 514 1736 544 1783; x_wconf 86' lang='lat' dir='ltr'><strong>in</strong></span> <span class='ocrx_word' id='word_1_171' title='bbox 560 1736 656 1801; x_wconf 78' lang='lat' dir='ltr'><strong>primis</strong></span> <span class='ocrx_word' id='word_1_172' title='bbox 675 1752 753 1804; x_wconf 75' lang='lat' dir='ltr'><strong>eques</strong></span> 
     </span>
     <span class='ocr_line' id='line_1_25' title="bbox 218 1800 584 1857; baseline -0.016 0"><span class='ocrx_word' id='word_1_173' title='bbox 218 1800 324 1857; x_wconf 78' lang='lat' dir='ltr'><strong>Othone</strong></span> <span class='ocrx_word' id='word_1_174' title='bbox 342 1810 476 1854; x_wconf 82' lang='lat' dir='ltr'><strong>contento</strong></span> <span class='ocrx_word' id='word_1_175' title='bbox 494 1802 584 1853; x_wconf 83' lang='lat' dir='ltr'><strong>sedet:</strong></span> 
     </span>
    </p>

    <p class='ocr_par' dir='ltr' id='par_1_9' title="bbox 106 1866 1071 3645">
     <span class='ocr_line' id='line_1_26' title="bbox 113 1866 1069 1945; baseline -0.002 -20"><span class='ocrx_word' id='word_1_176' title='bbox 113 1873 212 1945; x_wconf 85' lang='lat' dir='ltr'><strong>Quod,</strong></span> <span class='ocrx_word' id='word_1_177' title='bbox 235 1870 456 1936; x_wconf 75' lang='lat' dir='ltr'><strong>eiedmittutur,</strong></span> <span class='ocrx_word' id='word_1_178' title='bbox 483 1870 522 1921; x_wconf 81' lang='lat' dir='ltr'><strong>ita</strong></span> <span class='ocrx_word' id='word_1_179' title='bbox 543 1870 598 1921; x_wconf 87' lang='lat' dir='ltr'><strong>erit</strong></span> <span class='ocrx_word' id='word_1_180' title='bbox 617 1867 833 1940; x_wconf 79' lang='lat' dir='ltr'><strong>explioandum3</strong></span> <span class='ocrx_word' id='word_1_181' title='bbox 864 1866 938 1921; x_wconf 76' lang='lat' dir='ltr'><strong>edeo</strong></span> <span class='ocrx_word' id='word_1_182' title='bbox 957 1868 1069 1923; x_wconf 72' lang='lat' dir='ltr'><strong>divitem</strong></span> 
     </span>
     <span class='ocr_line' id='line_1_27' title="bbox 112 1935 1069 2006; baseline -0.005 -10"><span class='ocrx_word' id='word_1_183' title='bbox 112 1943 224 1997; x_wconf 74' lang='lat' dir='ltr'><strong>scillcet</strong></span> <span class='ocrx_word' id='word_1_184' title='bbox 240 1940 325 1991; x_wconf 73' lang='lat' dir='ltr'><strong>fuisse</strong></span> <span class='ocrx_word' id='word_1_185' title='bbox 342 1938 486 2004; x_wconf 74' lang='lat' dir='ltr'><strong>Moenum,</strong></span> <span class='ocrx_word' id='word_1_186' title='bbox 505 1946 538 1988; x_wconf 92' lang='lat' dir='ltr'><strong>ut</strong></span> <span class='ocrx_word' id='word_1_187' title='bbox 553 1956 598 1989; x_wconf 82' lang='lat' dir='ltr'><strong>res</strong></span> <span class='ocrx_word' id='word_1_188' title='bbox 615 1938 675 1987; x_wconf 79' lang='lat' dir='ltr'><strong>eius</strong></span> <span class='ocrx_word' id='word_1_189' title='bbox 691 1935 827 2004; x_wconf 76' lang='lat' dir='ltr'><strong>suffecerit</strong></span> <span class='ocrx_word' id='word_1_190' title='bbox 844 1944 875 1988; x_wconf 85' lang='lat' dir='ltr'><strong>et</strong></span> <span class='ocrx_word' id='word_1_191' title='bbox 893 1937 983 2006; x_wconf 86' lang='lat' dir='ltr'><strong>plene</strong></span> <span class='ocrx_word' id='word_1_192' title='bbox 996 1940 1069 1991; x_wconf 80' lang='lat' dir='ltr'><strong>setis-</strong></span> 
     </span>
     <span class='ocr_line' id='line_1_28' title="bbox 106 2005 1067 2079; baseline -0.006 -17"><span class='ocrx_word' id='word_1_193' title='bbox 106 2012 207 2079; x_wconf 80' lang='lat' dir='ltr'><strong>secerit</strong></span> <span class='ocrx_word' id='word_1_194' title='bbox 227 2007 286 2074; x_wconf 80' lang='lat' dir='ltr'><strong>legi</strong></span> <span class='ocrx_word' id='word_1_195' title='bbox 306 2005 444 2072; x_wconf 81' lang='lat' dir='ltr'><strong>Othonis,</strong></span> <span class='ocrx_word' id='word_1_196' title='bbox 466 2020 520 2074; x_wconf 81' lang='lat' dir='ltr'><strong>qun</strong></span> <span class='ocrx_word' id='word_1_197' title='bbox 538 2007 692 2071; x_wconf 72' lang='lat' dir='ltr'><strong>sarmitum,</strong></span> <span class='ocrx_word' id='word_1_198' title='bbox 725 2014 755 2055; x_wconf 87' lang='lat' dir='ltr'><strong>ut</strong></span> <span class='ocrx_word' id='word_1_199' title='bbox 774 2020 859 2056; x_wconf 85' lang='lat' dir='ltr'><strong>nemo</strong></span> <span class='ocrx_word' id='word_1_200' title='bbox 880 2016 1024 2075; x_wconf 74' lang='lat' dir='ltr'><strong>spectaret</strong></span> <span class='ocrx_word' id='word_1_201' title='bbox 1039 2006 1067 2057; x_wconf 90' lang='lat' dir='ltr'><strong>in</strong></span> 
     </span>
     <span class='ocr_line' id='line_1_29' title="bbox 112 2072 1068 2143; baseline -0.005 -13"><span class='ocrx_word' id='word_1_202' title='bbox 112 2078 249 2133; x_wconf 68' lang='lat' dir='ltr'><strong>sedilibus</strong></span> <span class='ocrx_word' id='word_1_203' title='bbox 268 2092 282 2123; x_wconf 86' lang='lat' dir='ltr'><strong>e</strong></span> <span class='ocrx_word' id='word_1_204' title='bbox 303 2073 413 2139; x_wconf 78' lang='lat' dir='ltr'><strong>uitem,</strong></span> <span class='ocrx_word' id='word_1_205' title='bbox 444 2074 494 2141; x_wconf 85' lang='lat' dir='ltr'><strong>qui</strong></span> <span class='ocrx_word' id='word_1_206' title='bbox 515 2075 722 2143; x_wconf 76' lang='lat' dir='ltr'><strong>quadringenta</strong></span> <span class='ocrx_word' id='word_1_207' title='bbox 747 2072 841 2125; x_wconf 77' lang='lat' dir='ltr'><strong>millio</strong></span> <span class='ocrx_word' id='word_1_208' title='bbox 867 2078 1022 2127; x_wconf 79' lang='lat' dir='ltr'><strong>nummum</strong></span> <span class='ocrx_word' id='word_1_209' title='bbox 1038 2074 1068 2125; x_wconf 81' lang='lat' dir='ltr'><strong>in</strong></span> 
     </span>
     <span class='ocr_line' id='line_1_30' title="bbox 113 2092 1066 2211; baseline -0.003 -12"><span class='ocrx_word' id='word_1_210' title='bbox 113 2162 199 2198; x_wconf 80' lang='lat' dir='ltr'><strong>censu</strong></span> <span class='ocrx_word' id='word_1_211' title='bbox 216 2158 273 2193; x_wconf 91' lang='lat' dir='ltr'><strong>non</strong></span> <span class='ocrx_word' id='word_1_212' title='bbox 285 2092 416 2191; x_wconf 75' lang='lat' dir='ltr'><strong>heberet.</strong></span> <span class='ocrx_word' id='word_1_213' title='bbox 460 2140 513 2192; x_wconf 87' lang='lat' dir='ltr'><strong>Sed</strong></span> <span class='ocrx_word' id='word_1_214' title='bbox 538 2143 636 2211; x_wconf 83' lang='lat' dir='ltr'><strong>scripti</strong></span> <span class='ocrx_word' id='word_1_215' title='bbox 662 2142 772 2195; x_wconf 83' lang='lat' dir='ltr'><strong>codices</strong></span> <span class='ocrx_word' id='word_1_216' title='bbox 791 2140 826 2192; x_wconf 84' lang='lat' dir='ltr'><strong>nd</strong></span> <span class='ocrx_word' id='word_1_217' title='bbox 846 2157 938 2193; x_wconf 90' lang='lat' dir='ltr'><strong>unum</strong></span> <span class='ocrx_word' id='word_1_218' title='bbox 966 2158 1066 2209; x_wconf 71' lang='lat' dir='ltr'><strong>omues,</strong></span> 
     </span>
     <span class='ocr_line' id='line_1_31' title="bbox 112 2207 1067 2279; baseline -0.003 -14"><span class='ocrx_word' id='word_1_219' title='bbox 112 2222 141 2265; x_wconf 83' lang='lat' dir='ltr'><strong>et</strong></span> <span class='ocrx_word' id='word_1_220' title='bbox 158 2211 297 2264; x_wconf 83' lang='lat' dir='ltr'><strong>editiones</strong></span> <span class='ocrx_word' id='word_1_221' title='bbox 314 2207 443 2275; x_wconf 79' lang='lat' dir='ltr'><strong>reliquae</strong></span> <span class='ocrx_word' id='word_1_222' title='bbox 461 2222 590 2259; x_wconf 71' lang='lat' dir='ltr'><strong>corruente</strong></span> <span class='ocrx_word' id='word_1_223' title='bbox 610 2211 729 2277; x_wconf 74' lang='lat' dir='ltr'><strong>hubent3</strong></span> <span class='ocrx_word' id='word_1_224' title='bbox 763 2226 858 2262; x_wconf 80' lang='lat' dir='ltr'><strong>veram</strong></span> <span class='ocrx_word' id='word_1_225' title='bbox 878 2213 1000 2279; x_wconf 88' lang='lat' dir='ltr'><strong>quidem</strong></span> <span class='ocrx_word' id='word_1_226' title='bbox 1016 2212 1067 2263; x_wconf 86' lang='lat' dir='ltr'><strong>lee-</strong></span> 
     </span>
     <span class='ocr_line' id='line_1_32' title="bbox 113 2276 1068 2346; baseline -0.003 -12"><span class='ocrx_word' id='word_1_227' title='bbox 113 2284 228 2343; x_wconf 80' lang='lat' dir='ltr'><strong>tionem,</strong></span> <span class='ocrx_word' id='word_1_228' title='bbox 247 2277 295 2329; x_wconf 88' lang='lat' dir='ltr'><strong>sed</strong></span> <span class='ocrx_word' id='word_1_229' title='bbox 312 2276 450 2328; x_wconf 78' lang='lat' dir='ltr'><strong>hactenus</strong></span> <span class='ocrx_word' id='word_1_230' title='bbox 467 2295 618 2346; x_wconf 79' lang='lat' dir='ltr'><strong>perperam</strong></span> <span class='ocrx_word' id='word_1_231' title='bbox 635 2279 820 2330; x_wconf 81' lang='lat' dir='ltr'><strong>intellectam.</strong></span> <span class='ocrx_word' id='word_1_232' title='bbox 858 2278 1012 2345; x_wconf 81' lang='lat' dir='ltr'><strong>Quomodo,</strong></span> <span class='ocrx_word' id='word_1_233' title='bbox 1029 2280 1068 2331; x_wconf 88' lang='lat' dir='ltr'><strong>iu·</strong></span> 
     </span>
     <span class='ocr_line' id='line_1_33' title="bbox 112 2344 1069 2420; baseline -0.004 -19"><span class='ocrx_word' id='word_1_234' title='bbox 112 2351 189 2420; x_wconf 88' lang='lat' dir='ltr'><strong>quit,</strong></span> <span class='ocrx_word' id='word_1_235' title='bbox 221 2345 312 2398; x_wconf 80' lang='lat' dir='ltr'><strong>lulius</strong></span> <span class='ocrx_word' id='word_1_236' title='bbox 336 2344 477 2413; x_wconf 80' lang='lat' dir='ltr'><strong>Scaliger,</strong></span> <span class='ocrx_word' id='word_1_237' title='bbox 507 2349 705 2399; x_wconf 72' lang='lat' dir='ltr'><strong>contemnebat</strong></span> <span class='ocrx_word' id='word_1_238' title='bbox 729 2344 845 2397; x_wconf 81' lang='lat' dir='ltr'><strong>Othonis</strong></span> <span class='ocrx_word' id='word_1_239' title='bbox 864 2348 978 2415; x_wconf 77' lang='lat' dir='ltr'><strong>legem?</strong></span> <span class='ocrx_word' id='word_1_240' title='bbox 1007 2362 1069 2417; x_wconf 76' lang='lat' dir='ltr'><strong>quae</strong></span> 
     </span>
     <span class='ocr_line' id='line_1_34' title="bbox 110 2413 1069 2489; baseline -0.003 -19"><span class='ocrx_word' id='word_1_241' title='bbox 110 2415 278 2489; x_wconf 80' lang='lat' dir='ltr'><strong>permittebat</strong></span> <span class='ocrx_word' id='word_1_242' title='bbox 295 2413 404 2464; x_wconf 84' lang='lat' dir='ltr'><strong>habenti</strong></span> <span class='ocrx_word' id='word_1_243' title='bbox 421 2415 602 2482; x_wconf 80' lang='lat' dir='ltr'><strong>qteodraginta</strong></span> <span class='ocrx_word' id='word_1_244' title='bbox 620 2416 723 2479; x_wconf 85' lang='lat' dir='ltr'><strong>millia,</strong></span> <span class='ocrx_word' id='word_1_245' title='bbox 753 2416 844 2465; x_wconf 84' lang='lat' dir='ltr'><strong>sedere</strong></span> <span class='ocrx_word' id='word_1_246' title='bbox 863 2417 893 2465; x_wconf 88' lang='lat' dir='ltr'><strong>in</strong></span> <span class='ocrx_word' id='word_1_247' title='bbox 913 2416 1069 2485; x_wconf 80' lang='lat' dir='ltr'><strong>quatuorde-</strong></span> 
     </span>
     <span class='ocr_line' id='line_1_35' title="bbox 112 2482 1068 2554; baseline -0.004 -16"><span class='ocrx_word' id='word_1_248' title='bbox 112 2491 179 2539; x_wconf 85' lang='lat' dir='ltr'><strong>eim:</strong></span> <span class='ocrx_word' id='word_1_249' title='bbox 213 2483 353 2554; x_wconf 84' lang='lat' dir='ltr'><strong>siquidem</strong></span> <span class='ocrx_word' id='word_1_250' title='bbox 385 2482 490 2534; x_wconf 71' lang='lat' dir='ltr'><strong>Moeno</strong></span> <span class='ocrx_word' id='word_1_251' title='bbox 517 2484 608 2535; x_wconf 87' lang='lat' dir='ltr'><strong>multo</strong></span> <span class='ocrx_word' id='word_1_252' title='bbox 635 2483 698 2552; x_wconf 80' lang='lat' dir='ltr'><strong>plus</strong></span> <span class='ocrx_word' id='word_1_253' title='bbox 731 2482 763 2534; x_wconf 90' lang='lat' dir='ltr'><strong>in</strong></span> <span class='ocrx_word' id='word_1_254' title='bbox 790 2483 934 2536; x_wconf 74' lang='lat' dir='ltr'><strong>reditibus</strong></span> <span class='ocrx_word' id='word_1_255' title='bbox 964 2485 1068 2537; x_wconf 84' lang='lat' dir='ltr'><strong>hebuit.</strong></span> 
     </span>
     <span class='ocr_line' id='line_1_36' title="bbox 110 2550 1070 2622; baseline -0.002 -15"><span class='ocrx_word' id='word_1_256' title='bbox 110 2556 186 2607; x_wconf 84' lang='lat' dir='ltr'><strong>Huic</strong></span> <span class='ocrx_word' id='word_1_257' title='bbox 203 2564 235 2604; x_wconf 82' lang='lat' dir='ltr'><strong>nt</strong></span> <span class='ocrx_word' id='word_1_258' title='bbox 253 2550 406 2605; x_wconf 85' lang='lat' dir='ltr'><strong>obiectioni</strong></span> <span class='ocrx_word' id='word_1_259' title='bbox 426 2561 579 2603; x_wconf 81' lang='lat' dir='ltr'><strong>occurrant</strong></span> <span class='ocrx_word' id='word_1_260' title='bbox 592 2552 767 2618; x_wconf 79' lang='lat' dir='ltr'><strong>Torrentius,</strong></span> <span class='ocrx_word' id='word_1_261' title='bbox 788 2551 950 2622; x_wconf 76' lang='lat' dir='ltr'><strong>Maecilius,</strong></span> <span class='ocrx_word' id='word_1_262' title='bbox 971 2554 1070 2605; x_wconf 82' lang='lat' dir='ltr'><strong>Decie-</strong></span> 
     </span>
     <span class='ocr_line' id='line_1_37' title="bbox 112 2618 1071 2692; baseline -0.002 -18"><span class='ocrx_word' id='word_1_263' title='bbox 112 2625 171 2675; x_wconf 85' lang='lat' dir='ltr'><strong>rius</strong></span> <span class='ocrx_word' id='word_1_264' title='bbox 191 2623 306 2692; x_wconf 80' lang='lat' dir='ltr'><strong>aliique,</strong></span> <span class='ocrx_word' id='word_1_265' title='bbox 329 2620 384 2672; x_wconf 88' lang='lat' dir='ltr'><strong>hoo</strong></span> <span class='ocrx_word' id='word_1_266' title='bbox 410 2620 682 2673; x_wconf 72' lang='lat' dir='ltr'><strong>comminiscunture</strong></span> <span class='ocrx_word' id='word_1_267' title='bbox 710 2619 785 2688; x_wconf 80' lang='lat' dir='ltr'><strong>Lege</strong></span> <span class='ocrx_word' id='word_1_268' title='bbox 803 2618 855 2671; x_wconf 83' lang='lat' dir='ltr'><strong>illu</strong></span> <span class='ocrx_word' id='word_1_269' title='bbox 872 2619 999 2674; x_wconf 69' lang='lat' dir='ltr'><strong>Othonia</strong></span> <span class='ocrx_word' id='word_1_270' title='bbox 1016 2620 1071 2673; x_wconf 76' lang='lat' dir='ltr'><strong>hoe</strong></span> 
     </span>
     <span class='ocr_line' id='line_1_38' title="bbox 110 2688 1069 2758; baseline -0.002 -15"><span class='ocrx_word' id='word_1_271' title='bbox 110 2693 188 2743; x_wconf 81' lang='lat' dir='ltr'><strong>inter</strong></span> <span class='ocrx_word' id='word_1_272' title='bbox 203 2692 259 2743; x_wconf 80' lang='lat' dir='ltr'><strong>aliu</strong></span> <span class='ocrx_word' id='word_1_273' title='bbox 277 2689 363 2741; x_wconf 79' lang='lat' dir='ltr'><strong>fuisse</strong></span> <span class='ocrx_word' id='word_1_274' title='bbox 377 2697 513 2755; x_wconf 71' lang='lat' dir='ltr'><strong>nautum,</strong></span> <span class='ocrx_word' id='word_1_275' title='bbox 535 2690 634 2758; x_wconf 79' lang='lat' dir='ltr'><strong>nequis</strong></span> <span class='ocrx_word' id='word_1_276' title='bbox 655 2688 780 2738; x_wconf 77' lang='lat' dir='ltr'><strong>Libertus</strong></span> <span class='ocrx_word' id='word_1_277' title='bbox 797 2697 846 2739; x_wconf 84' lang='lat' dir='ltr'><strong>eut</strong></span> <span class='ocrx_word' id='word_1_278' title='bbox 862 2688 1021 2741; x_wconf 74' lang='lat' dir='ltr'><strong>Libertinos</strong></span> <span class='ocrx_word' id='word_1_279' title='bbox 1037 2692 1069 2741; x_wconf 87' lang='lat' dir='ltr'><strong>iu</strong></span> 
     </span>
     <span class='ocr_line' id='line_1_39' title="bbox 111 2756 1069 2827; baseline 0 -16"><span class='ocrx_word' id='word_1_280' title='bbox 111 2759 327 2827; x_wconf 79' lang='lat' dir='ltr'><strong>quatuordecim</strong></span> <span class='ocrx_word' id='word_1_281' title='bbox 345 2758 495 2809; x_wconf 85' lang='lat' dir='ltr'><strong>ordinibus</strong></span> <span class='ocrx_word' id='word_1_282' title='bbox 514 2758 638 2825; x_wconf 84' lang='lat' dir='ltr'><strong>sederet,</strong></span> <span class='ocrx_word' id='word_1_283' title='bbox 662 2756 874 2827; x_wconf 78' lang='lat' dir='ltr'><strong>quantumlibet</strong></span> <span class='ocrx_word' id='word_1_284' title='bbox 893 2758 975 2811; x_wconf 72' lang='lat' dir='ltr'><strong>dives</strong></span> <span class='ocrx_word' id='word_1_285' title='bbox 990 2767 1069 2811; x_wconf 74' lang='lat' dir='ltr'><strong>enet-</strong></span> 
     </span>
     <span class='ocr_line' id='line_1_40' title="bbox 111 2824 1071 2897; baseline 0.001 -19"><span class='ocrx_word' id='word_1_286' title='bbox 111 2830 257 2879; x_wconf 79' lang='lat' dir='ltr'><strong>Coutemsit</strong></span> <span class='ocrx_word' id='word_1_287' title='bbox 273 2828 369 2895; x_wconf 78' lang='lat' dir='ltr'><strong>itaque</strong></span> <span class='ocrx_word' id='word_1_288' title='bbox 389 2825 534 2877; x_wconf 86' lang='lat' dir='ltr'><strong>Othonem</strong></span> <span class='ocrx_word' id='word_1_289' title='bbox 552 2826 663 2890; x_wconf 74' lang='lat' dir='ltr'><strong>Merena,</strong></span> <span class='ocrx_word' id='word_1_290' title='bbox 683 2826 732 2894; x_wconf 87' lang='lat' dir='ltr'><strong>qui</strong></span> <span class='ocrx_word' id='word_1_291' title='bbox 750 2824 882 2876; x_wconf 80' lang='lat' dir='ltr'><strong>Libertus</strong></span> <span class='ocrx_word' id='word_1_292' title='bbox 901 2826 933 2878; x_wconf 90' lang='lat' dir='ltr'><strong>in</strong></span> <span class='ocrx_word' id='word_1_293' title='bbox 952 2828 992 2879; x_wconf 72' lang='lat' dir='ltr'><strong>iis</strong></span> <span class='ocrx_word' id='word_1_294' title='bbox 1009 2844 1071 2897; x_wconf 77' lang='lat' dir='ltr'><strong>gre·</strong></span> 
     </span>
     <span class='ocr_line' id='line_1_41' title="bbox 111 2894 1070 2964; baseline 0 -17"><span class='ocrx_word' id='word_1_295' title='bbox 111 2897 193 2948; x_wconf 69' lang='lat' dir='ltr'><strong>(lilius</strong></span> <span class='ocrx_word' id='word_1_296' title='bbox 210 2903 336 2964; x_wconf 78' lang='lat' dir='ltr'><strong>spectare</strong></span> <span class='ocrx_word' id='word_1_297' title='bbox 356 2910 438 2944; x_wconf 70' lang='lat' dir='ltr'><strong>autur</strong></span> <span class='ocrx_word' id='word_1_298' title='bbox 455 2904 503 2944; x_wconf 82' lang='lat' dir='ltr'><strong>est.</strong></span> <span class='ocrx_word' id='word_1_299' title='bbox 538 2894 619 2945; x_wconf 85' lang='lat' dir='ltr'><strong>Unde</strong></span> <span class='ocrx_word' id='word_1_300' title='bbox 644 2911 710 2945; x_wconf 79' lang='lat' dir='ltr'><strong>vero</strong></span> <span class='ocrx_word' id='word_1_301' title='bbox 734 2894 914 2962; x_wconf 84' lang='lat' dir='ltr'><strong>compertum</strong></span> <span class='ocrx_word' id='word_1_302' title='bbox 938 2895 996 2947; x_wconf 83' lang='lat' dir='ltr'><strong>hoe</strong></span> <span class='ocrx_word' id='word_1_303' title='bbox 1021 2895 1070 2947; x_wconf 77' lang='lat' dir='ltr'><strong>hn-</strong></span> 
     </span>
     <span class='ocr_line' id='line_1_42' title="bbox 110 2960 1070 3030; baseline 0 -15"><span class='ocrx_word' id='word_1_304' title='bbox 110 2965 195 3030; x_wconf 84' lang='lat' dir='ltr'><strong>hent,</strong></span> <span class='ocrx_word' id='word_1_305' title='bbox 221 2966 283 3030; x_wconf 78' lang='lat' dir='ltr'><strong>lege</strong></span> <span class='ocrx_word' id='word_1_306' title='bbox 303 2964 356 3013; x_wconf 79' lang='lat' dir='ltr'><strong>iste</strong></span> <span class='ocrx_word' id='word_1_307' title='bbox 373 2961 495 3013; x_wconf 83' lang='lat' dir='ltr'><strong>Libertis</strong></span> <span class='ocrx_word' id='word_1_308' title='bbox 513 2971 561 3013; x_wconf 85' lang='lat' dir='ltr'><strong>eut</strong></span> <span class='ocrx_word' id='word_1_309' title='bbox 579 2979 677 3014; x_wconf 86' lang='lat' dir='ltr'><strong>eorum</strong></span> <span class='ocrx_word' id='word_1_310' title='bbox 695 2960 762 3015; x_wconf 77' lang='lat' dir='ltr'><strong>filiis</strong></span> <span class='ocrx_word' id='word_1_311' title='bbox 780 2961 921 3015; x_wconf 82' lang='lat' dir='ltr'><strong>honorem</strong></span> <span class='ocrx_word' id='word_1_312' title='bbox 940 2980 1009 3016; x_wconf 89' lang='lat' dir='ltr'><strong>eum</strong></span> <span class='ocrx_word' id='word_1_313' title='bbox 1026 2965 1070 3015; x_wconf 85' lang='lat' dir='ltr'><strong>in·</strong></span> 
     </span>
     <span class='ocr_line' id='line_1_43' title="bbox 110 3030 1069 3099; baseline 0.002 -15"><span class='ocrx_word' id='word_1_314' title='bbox 110 3034 264 3085; x_wconf 81' lang='lat' dir='ltr'><strong>terdictum</strong></span> <span class='ocrx_word' id='word_1_315' title='bbox 284 3030 360 3081; x_wconf 73' lang='lat' dir='ltr'><strong>esse?</strong></span> <span class='ocrx_word' id='word_1_316' title='bbox 395 3032 436 3080; x_wconf 86' lang='lat' dir='ltr'><strong>Ex</strong></span> <span class='ocrx_word' id='word_1_317' title='bbox 454 3030 509 3081; x_wconf 86' lang='lat' dir='ltr'><strong>hoe</strong></span> <span class='ocrx_word' id='word_1_318' title='bbox 534 3031 611 3098; x_wconf 78' lang='lat' dir='ltr'><strong>ipso,</strong></span> <span class='ocrx_word' id='word_1_319' title='bbox 640 3031 735 3099; x_wconf 79' lang='lat' dir='ltr'><strong>aiunt,</strong></span> <span class='ocrx_word' id='word_1_320' title='bbox 765 3030 878 3081; x_wconf 84' lang='lat' dir='ltr'><strong>Horatii</strong></span> <span class='ocrx_word' id='word_1_321' title='bbox 902 3030 981 3086; x_wconf 79' lang='lat' dir='ltr'><strong>lo&#39;co.</strong></span> <span class='ocrx_word' id='word_1_322' title='bbox 1018 3032 1069 3086; x_wconf 78' lang='lat' dir='ltr'><strong>Eu</strong></span> 
     </span>
     <span class='ocr_line' id='line_1_44' title="bbox 110 3097 1068 3169; baseline -0.001 -15"><span class='ocrx_word' id='word_1_323' title='bbox 110 3118 191 3166; x_wconf 84' lang='lat' dir='ltr'><strong>rero,</strong></span> <span class='ocrx_word' id='word_1_324' title='bbox 226 3109 259 3150; x_wconf 87' lang='lat' dir='ltr'><strong>ut</strong></span> <span class='ocrx_word' id='word_1_325' title='bbox 276 3114 403 3149; x_wconf 84' lang='lat' dir='ltr'><strong>errorem</strong></span> <span class='ocrx_word' id='word_1_326' title='bbox 421 3116 519 3151; x_wconf 83' lang='lat' dir='ltr'><strong>errore</strong></span> <span class='ocrx_word' id='word_1_327' title='bbox 538 3099 703 3151; x_wconf 85' lang='lat' dir='ltr'><strong>defendunt.</strong></span> <span class='ocrx_word' id='word_1_328' title='bbox 740 3101 811 3150; x_wconf 87' lang='lat' dir='ltr'><strong>Nnm</strong></span> <span class='ocrx_word' id='word_1_329' title='bbox 835 3097 884 3149; x_wconf 84' lang='lat' dir='ltr'><strong>hic</strong></span> <span class='ocrx_word' id='word_1_330' title='bbox 909 3103 972 3169; x_wconf 82' lang='lat' dir='ltr'><strong>ipse</strong></span> <span class='ocrx_word' id='word_1_331' title='bbox 993 3099 1068 3153; x_wconf 72' lang='lat' dir='ltr'><strong>locui</strong></span> 
     </span>
     <span class='ocr_line' id='line_1_45' title="bbox 110 3167 1069 3237; baseline -0.001 -17"><span class='ocrx_word' id='word_1_332' title='bbox 110 3170 203 3221; x_wconf 78' lang='lat' dir='ltr'><strong>adhuc</strong></span> <span class='ocrx_word' id='word_1_333' title='bbox 221 3168 251 3219; x_wconf 88' lang='lat' dir='ltr'><strong>in</strong></span> <span class='ocrx_word' id='word_1_334' title='bbox 270 3169 391 3218; x_wconf 86' lang='lat' dir='ltr'><strong>obscuro</strong></span> <span class='ocrx_word' id='word_1_335' title='bbox 409 3176 465 3233; x_wconf 81' lang='lat' dir='ltr'><strong>eet3</strong></span> <span class='ocrx_word' id='word_1_336' title='bbox 491 3184 583 3236; x_wconf 84' lang='lat' dir='ltr'><strong>nequo</strong></span> <span class='ocrx_word' id='word_1_337' title='bbox 600 3167 708 3235; x_wconf 86' lang='lat' dir='ltr'><strong>lucem,</strong></span> <span class='ocrx_word' id='word_1_338' title='bbox 727 3184 812 3236; x_wconf 67' lang='lat' dir='ltr'><strong>meam</strong></span> <span class='ocrx_word' id='word_1_339' title='bbox 830 3184 889 3237; x_wconf 79' lang='lat' dir='ltr'><strong>nop</strong></span> <span class='ocrx_word' id='word_1_340' title='bbox 906 3168 1010 3229; x_wconf 78' lang='lat' dir='ltr'><strong>hebet.</strong></span> <span class='ocrx_word' id='word_1_341' title='bbox 1030 3168 1069 3221; x_wconf 80' lang='lat' dir='ltr'><strong>ol·</strong></span> 
     </span>
     <span class='ocr_line' id='line_1_46' title="bbox 110 3235 1068 3303; baseline 0.001 -15"><span class='ocrx_word' id='word_1_342' title='bbox 110 3236 165 3289; x_wconf 84' lang='lat' dir='ltr'><strong>teri</strong></span> <span class='ocrx_word' id='word_1_343' title='bbox 184 3236 366 3288; x_wconf 76' lang='lat' dir='ltr'><strong>commodare</strong></span> <span class='ocrx_word' id='word_1_344' title='bbox 385 3245 490 3303; x_wconf 77' lang='lat' dir='ltr'><strong>potest3</strong></span> <span class='ocrx_word' id='word_1_345' title='bbox 511 3236 559 3287; x_wconf 88' lang='lat' dir='ltr'><strong>sed</strong></span> <span class='ocrx_word' id='word_1_346' title='bbox 578 3235 695 3288; x_wconf 79' lang='lat' dir='ltr'><strong>aliunde</strong></span> <span class='ocrx_word' id='word_1_347' title='bbox 712 3236 795 3287; x_wconf 84' lang='lat' dir='ltr'><strong>debet</strong></span> <span class='ocrx_word' id='word_1_348' title='bbox 812 3238 956 3293; x_wconf 79' lang='lat' dir='ltr'><strong>accipere.</strong></span> <span class='ocrx_word' id='word_1_349' title='bbox 994 3238 1068 3289; x_wconf 83' lang='lat' dir='ltr'><strong>Ton-</strong></span> 
     </span>
     <span class='ocr_line' id='line_1_47' title="bbox 109 3302 1068 3371; baseline -0.002 -14"><span class='ocrx_word' id='word_1_350' title='bbox 109 3314 171 3357; x_wconf 83' lang='lat' dir='ltr'><strong>tum</strong></span> <span class='ocrx_word' id='word_1_351' title='bbox 189 3306 280 3369; x_wconf 81' lang='lat' dir='ltr'><strong>abest,</strong></span> <span class='ocrx_word' id='word_1_352' title='bbox 306 3313 338 3354; x_wconf 91' lang='lat' dir='ltr'><strong>ut</strong></span> <span class='ocrx_word' id='word_1_353' title='bbox 356 3302 498 3354; x_wconf 75' lang='lat' dir='ltr'><strong>libertinis</strong></span> <span class='ocrx_word' id='word_1_354' title='bbox 515 3304 577 3371; x_wconf 86' lang='lat' dir='ltr'><strong>lege</strong></span> <span class='ocrx_word' id='word_1_355' title='bbox 595 3304 716 3355; x_wconf 86' lang='lat' dir='ltr'><strong>Othonis</strong></span> <span class='ocrx_word' id='word_1_356' title='bbox 734 3304 836 3356; x_wconf 81' lang='lat' dir='ltr'><strong>Roscia</strong></span> <span class='ocrx_word' id='word_1_357' title='bbox 855 3304 911 3355; x_wconf 84' lang='lat' dir='ltr'><strong>hec</strong></span> <span class='ocrx_word' id='word_1_358' title='bbox 929 3306 1068 3357; x_wconf 78' lang='lat' dir='ltr'><strong>interdie·</strong></span> 
     </span>
     <span class='ocr_line' id='line_1_48' title="bbox 110 3372 1068 3451; baseline 0 -26"><span class='ocrx_word' id='word_1_359' title='bbox 110 3383 171 3425; x_wconf 80' lang='lat' dir='ltr'><strong>tum</strong></span> <span class='ocrx_word' id='word_1_360' title='bbox 189 3373 240 3438; x_wconf 81' lang='lat' dir='ltr'><strong>sit3</strong></span> <span class='ocrx_word' id='word_1_361' title='bbox 267 3380 299 3422; x_wconf 83' lang='lat' dir='ltr'><strong>nt</strong></span> <span class='ocrx_word' id='word_1_362' title='bbox 318 3390 350 3424; x_wconf 81' lang='lat' dir='ltr'><strong>en</strong></span> <span class='ocrx_word' id='word_1_363' title='bbox 369 3373 428 3441; x_wconf 82' lang='lat' dir='ltr'><strong>ipso</strong></span> <span class='ocrx_word' id='word_1_364' title='bbox 448 3373 511 3439; x_wconf 78' lang='lat' dir='ltr'><strong>lego</strong></span> <span class='ocrx_word' id='word_1_365' title='bbox 531 3380 592 3423; x_wconf 85' lang='lat' dir='ltr'><strong>tum</strong></span> <span class='ocrx_word' id='word_1_366' title='bbox 610 3372 737 3441; x_wconf 86' lang='lat' dir='ltr'><strong>primum</strong></span> <span class='ocrx_word' id='word_1_367' title='bbox 754 3374 919 3437; x_wconf 85' lang='lat' dir='ltr'><strong>iuberetur,</strong></span> <span class='ocrx_word' id='word_1_368' title='bbox 947 3384 980 3425; x_wconf 89' lang='lat' dir='ltr'><strong>ut</strong></span> <span class='ocrx_word' id='word_1_369' title='bbox 999 3390 1068 3451; x_wconf 80' lang='lat' dir='ltr'><strong>quo·</strong></span> 
     </span>
     <span class='ocr_line' id='line_1_49' title="bbox 109 3440 1067 3511; baseline -0.001 -18"><span class='ocrx_word' id='word_1_370' title='bbox 109 3458 230 3509; x_wconf 83' lang='lat' dir='ltr'><strong>cumque</strong></span> <span class='ocrx_word' id='word_1_371' title='bbox 248 3450 327 3508; x_wconf 77' lang='lat' dir='ltr'><strong>patre</strong></span> <span class='ocrx_word' id='word_1_372' title='bbox 345 3450 441 3505; x_wconf 80' lang='lat' dir='ltr'><strong>natus,</strong></span> <span class='ocrx_word' id='word_1_373' title='bbox 467 3440 552 3491; x_wconf 86' lang='lat' dir='ltr'><strong>modo</strong></span> <span class='ocrx_word' id='word_1_374' title='bbox 573 3440 779 3508; x_wconf 79' lang='lat' dir='ltr'><strong>quadringente</strong></span> <span class='ocrx_word' id='word_1_375' title='bbox 796 3442 926 3493; x_wconf 78' lang='lat' dir='ltr'><strong>sestertia</strong></span> <span class='ocrx_word' id='word_1_376' title='bbox 944 3443 1067 3511; x_wconf 75' lang='lat' dir='ltr'><strong>posside·</strong></span> 
     </span>
     <span class='ocr_line' id='line_1_50' title="bbox 107 3508 1068 3577; baseline 0.001 -16"><span class='ocrx_word' id='word_1_377' title='bbox 107 3521 164 3576; x_wconf 82' lang='lat' dir='ltr'><strong>ret,</strong></span> <span class='ocrx_word' id='word_1_378' title='bbox 184 3512 215 3561; x_wconf 90' lang='lat' dir='ltr'><strong>in</strong></span> <span class='ocrx_word' id='word_1_379' title='bbox 232 3510 315 3559; x_wconf 83' lang='lat' dir='ltr'><strong>Xllll</strong></span> <span class='ocrx_word' id='word_1_380' title='bbox 333 3509 467 3577; x_wconf 77' lang='lat' dir='ltr'><strong>gradihus</strong></span> <span class='ocrx_word' id='word_1_381' title='bbox 484 3517 612 3576; x_wconf 75' lang='lat' dir='ltr'><strong>spectare</strong></span> <span class='ocrx_word' id='word_1_382' title='bbox 629 3519 730 3577; x_wconf 73' lang='lat' dir='ltr'><strong>postet.</strong></span> <span class='ocrx_word' id='word_1_383' title='bbox 765 3511 827 3563; x_wconf 74' lang='lat' dir='ltr'><strong>Hoc</strong></span> <span class='ocrx_word' id='word_1_384' title='bbox 844 3508 924 3563; x_wconf 77' lang='lat' dir='ltr'><strong>clm</strong></span> <span class='ocrx_word' id='word_1_385' title='bbox 941 3510 1068 3565; x_wconf 76' lang='lat' dir='ltr'><strong>oeteudit</strong></span> 
     </span>
     <span class='ocr_line' id='line_1_51' title="bbox 108 3575 639 3645; baseline 0.004 -16"><span class='ocrx_word' id='word_1_386' title='bbox 108 3580 186 3633; x_wconf 79' lang='lat' dir='ltr'><strong>locus</strong></span> <span class='ocrx_word' id='word_1_387' title='bbox 202 3575 256 3630; x_wconf 82' lang='lat' dir='ltr'><strong>ille</strong></span> <span class='ocrx_word' id='word_1_388' title='bbox 273 3577 417 3631; x_wconf 76' lang='lat' dir='ltr'><strong>luvenalis</strong></span> <span class='ocrx_word' id='word_1_389' title='bbox 435 3578 489 3630; x_wconf 79' lang='lat' dir='ltr'><strong>Sat.</strong></span> <span class='ocrx_word' id='word_1_390' title='bbox 508 3577 558 3645; x_wconf 84' lang='lat' dir='ltr'><strong>lli,</strong></span> <span class='ocrx_word' id='word_1_391' title='bbox 582 3592 639 3645; x_wconf 78' lang='lat'>15²·</span> 
     </span>
    </p>
   </div>
   <div class='ocr_carea' id='block_1_5' title="bbox 0 0 1130 3990">
    <p class='ocr_par' dir='ltr' id='par_1_10' title="bbox 0 0 1130 3990">
     <span class='ocr_line' id='line_1_52' title="bbox 0 0 1130 3990; baseline 0 2"><span class='ocrx_word' id='word_1_392' title='bbox 0 0 1130 3990; x_wconf 95' lang='lat' dir='ltr'><strong> </strong></span> 
     </span>
    </p>
   </div>
  </div>
 </body>
</html>
