2250 3990
331 176 479 219 cannas
516 170 734 225 succurant.
948 152 1016 221 399

121 262 201 383 (gem
219 260 383 313 laborantes
400 267 482 310 utero
499 256 605 324 puellas
657 266 661 271 ·

152 349 181 385 er
198 343 294 380 uocata
313 328 399 391 audis,
416 328 564 395 adimisque
584 325 646 390 leto,

102 424 107 429 ·
184 396 447 453 ¹Dina-triformis.
638 398 643 404 ‘
710 412 713 417 ·
784 412 788 421 ·

56 470 145 597 ὶὲοῑο
162 464 251 546 igitur
269 464 459 532 restituimus,
475 474 549 514 ¹'curn
566 456 686 527 Suidte,
699 484 702 489 ¹
716 466 780 537 turn
795 458 936 537 Hesychilf
949 478 1015 516 auc·
1086 486 1090 502 =

113 544 173 591 tate
192 550 262 600 uixi,
819 578 822 583 ,
880 548 883 567 =
930 544 935 556 ·
1030 532 1033 543 '

126 607 189 659 Sive
206 616 235 654 tu
255 601 360 652 Lucina
376 598 474 669 prabos
489 597 591 663 vacari,
619 597 625 606 ¹

210 672 261 722 Seu
281 668 449 739 Genetyllis.

56 744 146 797 huet
165 748 260 792 autem
284 737 354 788 huic
379 733 589 802 emendationi,
615 734 692 803 quod
712 741 814 788 auctor
829 733 860 786 in
879 732 1019 793 hoc'Gar·

56 811 140 867 nine
157 806 320 873 Saeculari,
340 814 369 857 et
386 804 441 857 1110
460 802 518 870 IV,
534 804 569 855 6.·
582 803 659 869 quod
679 803 763 855 huius
774 803 860 883 'quasi
879 805 1020 883 praelatio

56 888 83 933 at
109 875 325 929 commendatio
350 881 405 940 est,
435 872 546 923 Graeca
569 873 688 923 nomina
714 888 794 941 quasa
821 873 855 922 de
880 871 1021 925 industria

56 946 166 1001 sectari
183 946 324 996 videatur.
350 941 408 1003 Sic¹
422 941 491 992 lenis
507 939 624 1006 Ilicliyia
643 940 728 1004 dixit,
757 948 786 993 et
810 941 877 991 leuis
901 936 1020 1008 Agyieu,-

56 1032 134 1089 1uae
159 1012 298 1066 vocabula
323 1009 422 1080 utique
446 1007 555 1059 Latinis
579 1006 694 1060 auribus
716 1018 776 1061 tarn
803 1009 934 1061 inerudita
958 1018 1021 1061 tum

56 1090 153 1149 araas,
173 1098 259 1151 quiam
278 1089 406 1133 nastrum
424 1076 582 1144 Genetyllis.
617 1077 715 1139 Neque
732 1094 800 1130 vero
818 1076 904 1130 aliter
920 1077 1022 1147 legisse

56 1149 292 1207 ›hancredibile
309 1159 350 1199 est
366 1149 496 1199 Servium
514 1154 543 1194 et
561 1145 807 1215 Porphyrionern3
833 1156 970 1217 quantuni
989 1164 1023 1199 ex

56 1222 136 1274 acis
162 1219 248 1270 hodie
275 1214 477 1269 contaminatis
505 1213 671 1265 coniectura
697 1217 806 1285 assequi
836 1217 928 1267 datar.
973 1215 1034 1269 sie·
1119 1206 1123 1211 ¹

56 1291 145 1343 anim
174 1287 225 1337 ille
252 1287 288 1339 ad
315 1282 432 1353 virgilii
456 1281 595 1349 Eclogarn
619 1281 666 1335 IV.
711 1284 791 1333 Casta
809 1284 879 1351 save
903 1283 1020 1348 Lucina)

56 1358 143 1410 arada
168 1355 300 1406 Lucinam
324 1355 445 1404 Dianam
469 1352 623 1417 accipimus.
667 1350 710 1400 Sic
735 1350 882 1403 Horatius.-
913 1354 974 1403 Siae
997 1364 1023 1403 te

56 1426 199 1479 bucinam
215 1423 311 1490 probas
329 1423 436 1483 vocari,
466 1436 513 1469 seu
537 1428 562 1466 te
580 1418 685 1484 partitus
702 1417 840 1471 Iunonem.
875 1420 955 1493 Quae
972 1437 1024 1488 po·

56 1504 171 1547 strenis
194 1492 226 1542 in
249 1498 347 1561 aperto
370 1486 474 1539 mendo
499 1485 638 1535 cubantia·
658 1485 682 1535 si
705 1486 746 1536 sio
769 1488 891 1556 refingas
908 1506 941 1539 ex
967 1488 1025 1540 lec·

57 1564 147 1615 tione
161 1560 308 1624 hodierna,
327 1575 373 1607 seu
390 1553 593 1612 teGenitalem;
610 1552 736 1604 immane
750 1564 887 1624 quantum
905 1550 920 1607 a'
938 1555 1026 1627 scrip-

57 1640 132 1683 tura
151 1628 294 1678 ubscedesz
313 1623 405 1675 nrulto
424 1623 542 1692 propius
558 1621 694 1685 abiturus,
712 1622 737 1672 si
755 1625 796 1673 sic
813 1641 829 1673 a
846 1624 944 1675 Servio
958 1643 1027 1693 pro·

57 1700 179 1752 rectum
199 1711 256 1745 esse
274 1693 367 1758 dicas,
396 1707 442 1740 seu
466 1702 491 1740 te
509 1682 713 1755 Genetyllidem.
747 1690 954 1759 Porphyrionis
977 1709 1026 1743 au-

57 1774 128 1818 tern
157 1763 243 1812 verba
270 1760 311 1812 sic
337 1758 444 1810 habent
474 1754 510 1807 ed
539 1755 617 1807 hanc
644 1758 738 1824 ipsum
766 1759 889 1810 auctoris
920 1758 1026 1812 locum.

57 1831 212 1891 Ostendit,
231 1828 286 1895 ait,
307 1826 417 1877 eandem
434 1824 568 1875 Lucinam
585 1837 611 1875 et
628 1824 779 1876 Genitalem
795 1826 872 1877 deam
889 1827 1027 1895 appellari.

57 1898 294 1961 Animadvertit,
327 1895 439 1965 opinor,
459 1893 545 1944 verba
565 1910 651 1962 prere
669 1890 821 1963 collocata,
851 1905 879 1946 et
896 1896 961 1947 sade
978 1912 1029 1949 sua

57 1967 192 2021 divulso.
228 1964 340 2034 Quippe
358 1966 381 2014 si
401 1962 432 2013 id
451 1960 558 2028 voluit,
578 1962 619 2011 sic
637 1960 755 2014 omnino
774 1963 859 2017 verba
879 1963 1030 2034 disposuis-

57 2047 129 2099 set3
157 2031 282 2085 Ostendit
299 2032 409 2083 eandem
427 2031 503 2080 deam
522 2029 655 2079 Lucinam
675 2043 701 2080 ec
718 2029 869 2084 Genitalem
887 2032 1028 2101 appellari.
1093 2074 1096 2079 .

61 2105 125 2159 Sed
144 2101 212 2171 quid
232 2118 249 2153 o
271 2116 302 2152 us
319 2109 360 2151 est
383 2098 483 2149 deam?
529 2099 590 2149 uasi
613 2114 681 2150 vero
705 2098 736 2149 id
759 2099 908 2179 quisquam
926 2101 1031 2153 docen-
1085 2138 1089 2145 ·

63 2176 125 2226 dus
148 2179 223 2236 erat,
251 2119 392 2220 [usinum
415 2167 492 2216 deam
509 2116 611 2218 luisse.
658 2157 712 2220 Vir‘r
735 2167 820 2221 ahter
844 2186 902 2222 esse
928 2172 1028 2239 potest,

92 2257 158 2292 uam
182 2247 215 2288 ut
231 2237 271 2288 sic
291 2237 361 2288 alirn
378 2234 539 2304 scripserit,
570 2231 694 2286 Ostendit
717 2238 826 2288 eandem
850 2238 983 2290 Lucinam
1003 2251 1029 2289 et

65 2261 271 2373 Lenetylliclem
296 2304 443 2373 appellari:
469 2319 541 2372 quiae
559 2319 625 2370 vox,
656 2311 754 2372 utpote
773 2305 913 2359 Librariis
932 2307 1031 2374 ignota

68 2387 102 2430 et
119 2375 216 2431 mendi
234 2382 266 2427 ut
283 2373 421 2442 putabant
436 2370 602 2438 manifesta,
634 2370 666 2421 in
683 2374 828 2438 genitalem
846 2376 923 2424 deam
940 2376 1032 2427 refor-

68 2446 214 2499 mabatur.
248 2441 365 2492 Accedit
391 2440 448 2490 huc
467 2439 555 2491 codex
579 2448 675 2490 noster
702 2443 871 2493 veterrimus
896 2443 1032 2494 Graecia·

71 2531 137 2579 nus,
158 2511 208 2562 ubi
225 2510 353 2575 genitalis
369 2509 485 2577 quidem
504 2522 581 2558 nunc
600 2507 738 2571 hahetur,
766 2508 814 2561 sed
832 2509 916 2561 litera
933 2518 1033 2579 quarta

71 2580 160 2634 ialia
178 2594 265 2630 manu
284 2581 388 2628 inserta
405 2585 462 2640 est3
491 2585 520 2626 et
543 2584 665 2645 quatuor
687 2582 843 2645 postremae
870 2586 931 2647 port
956 2594 1033 2630 rasu-

74 2667 139 2704 ram
165 2646 362 2714 interpolatae.
416 2645 533 2697 Videtur
557 2660 626 2715 ergo
649 2661 665 2695 a
690 2645 783 2713 prima
808 2662 896 2697 anana
922 2648 1033 2714 gentilis

74 2726 222 2772 exaratum
246 2732 312 2767 esse.
354 2713 438 2783 Quod
463 2713 586 2765 inanimo
612 2712 721 2781 indicio
747 2723 788 2765 est
811 2719 841 2765 iu
863 2714 1033 2783 quibusdam

74 2784 285 2855 exemplaribus
303 2782 440 2850 genetillis
464 2782 549 2832 tutae
573 2781 720 2851 scriptum.
757 2784 818 2835 Hoc
842 2784 921 2835 enim
939 2784 974 2835 ah
990 2785 1035 2853 ig·

74 2856 155 2910 naris
174 2852 381 2904 correctoribus
406 2866 458 2919 pro
483 2848 618 2901 mendoso
643 2849 771 2901 habiturn
800 2850 831 2903 in
847 2852 959 2919 gentilis
979 2852 1033 2903 im-

76 2923 186 2978 mutari
203 2918 289 2971 facila
308 2922 414 2989 potuit:
445 2926 474 2972 at
497 2918 643 2986 vulgatum
660 2918 792 2984 genitalis
811 2920 923 2974 nemini
947 2919 1035 2973 offen·

77 2992 177 3045 diculo
196 2997 272 3048 arat;
301 3003 392 3057 nequa
417 2988 564 3068 quisquam
586 2987 656 3038 adeo
674 2987 819 3056 inficetas,
847 2998 878 3041 ut
896 3004 930 3040 ex
947 2988 1034 3041 verba

77 3061 160 3115 facili
179 3067 207 3109 et
224 3065 291 3107 noto
309 3063 408 3107 contra
427 3071 521 3124 ipsam
539 3062 663 3105 metrum
681 3057 792 3121 gentilis
810 3065 960 3108 excuteret.

114 3130 158 3183 26.
186 3125 344 3191 Stabilisque
370 3141 457 3173 rerum
478 3123 617 3173 Terminus
633 3122 730 3191 servet]
770 3125 894 3177 Minime
917 3125 1033 3195 quidem

78 3195 245 3250 mirandum
263 3202 304 3244 est
322 3199 351 3242 et
367 3199 474 3243 veteres
492 3199 520 3242 et
544 3206 631 3243 novos
649 3192 817 3263 interpretes
842 3195 873 3245 in
897 3192 1035 3247 hocloco

79 3264 237 3335 cespitasse.
273 3260 459 3330 Quocumque
477 3261 555 3311 enirn
572 3268 599 3311 te
618 3269 716 3325 vertes,
736 3262 849 3315 nullutn
866 3263 974 3314 exitum
990 3265 1034 3312 in·

78 3350 194 3394 venies3
213 3326 283 3381 adeo
301 3328 420 3396 magnis·
429 3327 555 3397 undique
574 3326 789 3383 difficultatibus
807 3332 960 3386 obstasset
978 3331 1035 3382 air-

80 3399 254 3455 cumvallata
268 3398 366 3449 haeret
382 3397 535 3449 sententias

155 3471 254 3535 Vosque
271 3483 379 3517 veraces
396 3465 529 3529 cecinisse,
550 3465 659 3529 Parcae,

149 3536 228 3605 Quod
245 3534 325 3587 semel
342 3534 441 3586 dictum
458 3546 505 3600 est,
522 3533 679 3607 stabilisque
695 3550 787 3589 rerum
