2250 3990
176 158 375 203 sermonum
406 156 477 203 tta.
509 134 542 209 I,
576 156 607 215 5.
809 82 882 205 ibl-

47 242 82 294 rb
110 243 175 312 Quo
195 241 312 310 quidem
330 238 405 291 nihil
422 236 569 291 infelicius
585 236 645 292 dici
662 238 766 309 potuit.
793 238 870 308 Ergo

51 319 200 388 comperto
213 308 377 363 habendum
394 317 445 373 cat,
463 306 616 357 Labe'onem
628 306 722 373 illum,
759 306 870 359 uicum-

47 381 85 447 it,
117 396 176 431 tam
200 387 263 430 tum
285 376 452 457 priusquam
472 376 543 427 baec
565 376 702 429 scriberet
770 379 867 445 raone,

46 448 200 501 cominibus
218 464 271 515 pro
288 461 389 503 insano
406 445 492 496 luisse
509 444 650 496 habitum.
675 444 797 497 Videant
815 444 870 513 igi-

46 519 51 569 i
71 515 225 569 Antistium
243 515 405 566 Labeonem
423 515 501 565 inter
523 512 870 565 veteres-Iurisconsultoa

46 586 184 655 rincipem
207 601 226 635 a
248 582 350 634 Flacco
374 582 423 633 bic
446 581 558 633 traduci
581 580 751 633 existimant.
792 579 870 651 Quid

47 655 123 707 lleue
143 664 176 704 ut
192 655 286 719 virum
305 650 488 719 senatorem,
510 650 668 719 dignitate,
690 649 806 719 opibus,
826 666 870 703 sa·

54 722 164 793 gloria,
185 730 213 773 et
232 724 323 789 gratia
342 719 419 789 apud
435 719 511 770 cirea
528 716 776 785 florentissimum,
794 716 869 769 mul·

46 809 86 843 'ue
104 792 188 841 rebus
205 805 265 841 aeae
284 784 451 854 meliorem,
484 796 543 840 tam
562 786 677 839 vecordi
694 784 873 839 contumelia

46 863 68 913 .?
103 858 169 911 Esto
187 858 275 921 euim,
294 864 326 907 ut
342 855 373 907 in
392 854 517 925 gratiam
535 854 654 925 Augusti
673 853 786 906 laedere
803 870 871 907 eum

67 945 124 999 quo
142 936 237 980 tamen
255 942 320 991 ore,
341 942 400 977 non
419 924 477 975 eibi
493 922 599 989 solum,
620 920 893 975 sodomamaciem-1

46 1012 107 1048 aum
124 1012 190 1046 eum
208 994 310 1060 videri,
329 992 425 1057 dicere
443 992 555 1061 potuit?
591 992 652 1043 Hoc
676 1000 755 1043 certe
774 990 872 1043 conei-

46 1108 50 1115 .
75 1066 136 1133 ipse
160 1078 322 1129 cognomen
340 1061 433 1113 insani
453 1060 601 1113 at'iuriosi
619 1060 724 1113 merito
743 1060 870 1113 incenia·

46 1134 150 1186 lienus
167 1132 245 1183 enim
264 1130 399 1183 Tacitum
417 1128 519 1181 Annei.
539 1130 595 1195 lll,
615 1143 658 1199 75.
692 1127 888 1179 Consulatum

56 1204 131 1253 Ateio
156 1202 354 1253 acceleraverat
377 1201 526 1263 Augustus,
554 1211 584 1247 ut
607 1196 772 1250 Labeonem
788 1196 870 1249 Anti·

46 1272 109 1321 ·dem
127 1270 228 1321 artibus
247 1266 441 1337 (eloquentiae
461 1274 492 1317 et
509 1265 769 1334 jurisprudentiae)
791 1282 871 1333 prae·

65 1340 222 1405 dignatione
245 1337 304 1389 eius
322 1338 498 1401 magistratus
513 1336 635 1385 anteiret.
669 1332 796 1405 Namque
817 1334 870 1387 ille

47 1427 60 1459 o
86 1409 162 1475 pacis
186 1407 283 1457 decora
307 1404 389 1455 simul
414 1403 486 1453 tulit.
521 1403 572 1453 Sed
594 1402 689 1456 Labeo
713 1406 869 1473 incorrupta

67 1489 92 1526 et
110 1476 142 1527 ob
159 1475 188 1525 id
198 1474 282 1540 sama
298 1472 473 1522 celebratior:
496 1470 635 1536 Capitonis
650 1473 805 1541 obsequium
821 1474 870 1523 ilo-

47 1564 74 1595 us
94 1545 181 1609 magis
197 1540 369 1608 probabatur,
388 1538 449 1605 Illi,
470 1538 540 1605 quod
554 1552 709 1605 praeturam
727 1543 800 1593 intra
815 1554 869 1592 ste·

47 1613 182 1661 mendatio
201 1626 235 1659 ee
256 1609 375 1658 iniuria:
402 1605 482 1669 buia,
510 1607 580 1673 quod
600 1608 741 1657 consulatu
757 1610 870 1677 adeptus

47 1699 67 1729 n
85 1697 117 1729 ex
134 1677 240 1728 invidia
256 1675 399 1725 oriebatur.
435 1674 517 1725 idem
533 1683 589 1739 eat,
617 1674 668 1745 qui
688 1676 771 1727 tonas
788 1678 870 1747 quati

47 1747 142 1799 eddam
160 1743 319 1807 oraculum,
338 1742 370 1793 in
386 1741 511 1810 Digestis
527 1740 682 1809 laudatur..
695 1744 871 1814 Pomponius

47 1833 80 1884 pp,
127 1815 192 1865 Post
210 1810 283 1862 bunc
307 1812 441 1863 maximae
463 1812 634 1862 auctoritatis
645 1810 761 1877 fuerunt
778 1815 871 1865 Ateius

47 1896 73 1933 et
91 1882 228 1933 Antistius
238 1880 355 1946 Labeo,
380 1881 426 1949 qui
443 1896 534 1929 omnes
549 1878 600 1930 lios
615 1880 736 1931 audivit:
763 1881 871 1933 institu-
920 1896 924 1903 ’

47 1965 114 2002 utem
131 1970 148 2000 a
170 1950 304 1999 Trebatio.
339 1950 383 1999 Ex
398 1947 443 1998 liis
460 1948 553 1999 Ateius
569 1948 671 1999 Consul
679 1948 756 2015 fuit:
771 1948 871 2007 Labeo

47 2037 97 2070 :um
116 2019 259 2087 inferretur
275 2018 301 2067 ei
317 2016 351 2065 ab
369 2017 488 2084 Augusto
505 2018 675 2083 consulatus,
704 2034 756 2085 quo
773 2019 871 2087 suffec.

54 2126 62 2155 ,
95 2086 221 2139 bonorem
244 2086 385 2152 suscipere.
422 2084 473 2135 Sed
489 2086 634 2151 plurimum
649 2086 747 2137 studiis
761 2104 870 2154 operam

49 2186 84 2197 ·-
102 2160 191 2225 itaque
209 2155 318 2223 reliquit
334 2154 530 2222 quadringenta
546 2155 701 2215 volumina‚·
717 2173 758 2211 ‚ea
774 2158 871 2224 quibus

48 2229 117 2277 inter
140 2242 235 2274 rnanus
257 2236 401 2273 versantur
424 2248 455 2259 —
473 2250 509 2261 -
532 2220 629 2275 Labeo
652 2225 758 2289 ingenii
782 2226 870 2293 quali-

47 2295 135 2345 iducia
153 2294 299 2355 doetrinae,
318 2293 364 2359 qui
381 2303 407 2340 et
424 2292 520 2341 ceteris
535 2292 624 2358 operis
639 2294 790 2357 sapientiae
807 2312 871 2360 ope-

47 2377 109 2427 rat,
136 2362 254 2428 plurima
270 2362 400 2409 innovare
419 2360 545 2409 instituit.
580 2359 756 2413 Iustiniauus
776 2362 868 2416 lustit.

55 2432 90 2481 de
115 2428 326 2481 Codicilloaum
349 2443 402 2479 usu
425 2434 454 2477 et
479 2425 593 2494 origine
617 2427 771 2493 disserena,
804 2432 869 2485 Post

47 2516 126 2563 pora,
148 2498 256 2566 inquit,
279 2514 339 2546 cum
360 2508 386 2545 et
402 2494 497 2546 Labeo
515 2495 655 2545 codicillos
666 2496 797 2560 jecisset,¹
813 2498 870 2551 iam
909 2528 912 2534 <

47 2569 135 2617 ubium
153 2580 228 2629 erat,
255 2567 321 2634 quin
344 2562 465 2614 codicilli
490 2564 549 2613 iure
572 2562 671 2629 optimc
698 2564 871 2619 admitteren.

47 2636 72 2689 {d
97 2636 155 2687 iam
182 2632 316 2685 videtur?
351 2634 394 2683 An
439 2631 469 2681 ui
496 2632 570 2697 pacis
594 2642 723 2699 togaeque
742 2632 823 2685 decus
840 2644 870 2690 et

48 2713 100 2755 »ct
118 2701 194 2772 apud
217 2710 343 2771 posteros
362 2708 405 2751 ast
449 2700 554 2767 abitus,
583 2697 663 2749 idem
685 2708 748 2753 tum
773 2714 870 2758 menta

48 2773 108 2842 algo
129 2769 308 2823 hebebatur?
344 2768 398 2819 Sed
417 2768 610 2835 gratificatur,
636 2770 732 2835 aiunt,
752 2768 869 2827 Flaccus

48 2885 50 2901 ,
81 2840 131 2890 oui
153 2839 248 2891 Labeo
272 2854 326 2905 pro
347 2845 391 2887 tet·
415 2836 537 2888 nimiam
559 2834 723 2889 libertatem
748 2837 870 2896 offensus

48 2910 83 2960 tui
111 2908 220 2959 malum
245 2854 442 2971 praelibatur?
483 2905 528 2956 Au
556 2903 697 2957 credibile
723 2916 779 2973 est,
809 2916 869 2963 tam

48 2972 187 3028 'absurda
206 2972 372 3025 adulatione
396 2980 446 3023 aut
469 2972 629 3041 Augustum
653 2974 719 3045 capi
734 2979 858 3044 potuisse

48 3061 115 3096 cum
141 3052 256 3112 captare
280 3056 381 3093 aruum
404 3040 483 3095 esse?
525 3041 583 3110 Qui
605 3050 701 3093 autem
727 3018 867 3111 offlnsusb

48 3123 80 3164 ut
98 3112 158 3163 eius
175 3110 304 3163 aemulus
322 3112 418 3161 alteim
432 3109 533 3178 Capito
551 3110 627 3179 apud
642 3110 770 3163 Gellium
787 3113 866 3184 Xlll,

48 3184 115 3232 ¹aibat
141 3180 275 3231 bominem
302 3178 413 3228 libertas
438 3178 569 3245 quaedam
593 3180 679 3229 nimia
707 3193 733 3230 et
759 3198 868 3243 vecors,-

48 3274 69 3317 ι,
98 3250 170 3301 Divo
190 3250 308 3315 Augusto
327 3246 382 3296 iam
405 3248 525 3313 principe
549 3258 575 3296 et
593 3246 784 3314 rempublicam
801 3250 868 3300 obti-

48 3334 113 3370 itum
132 3331 221 3368 tamen
237 3332 397 3384 pensumque
415 3312 485 3363 nibil
503 3313 627 3381 baberet,
652 3318 707 3366 nisi
723 3317 794 3385 quod
810 3319 868 3369 ius·

52 3404 158 3455 tutaque
177 3401 233 3435 esse
250 3387 278 3435 in
297 3383 430 3433 Rornauis
447 3384 650 3451 antiquitatibus
668 3385 786 3451 legisset.
823 3387 867 3437 Ita

48 3455 237 3524 irrigandam
269 3450 344 3504 illud
367 3467 401 3501 ex
426 3451 526 3503 cadica
545 3452 636 3521 llagio
654 3452 784 3505 Lutetiae
805 3470 868 3505 om·

48 3526 130 3593 tim03
161 3523 217 3577 hoc
242 3538 277 3575 ea
301 3520 483 3574 coniectura:
508 3516 596 3589 eulpa
621 3520 711 3575 edant
733 3538 815 3589 usque
835 3535 865 3575 se
