2250 3990
123 134 189 223 295}
236 170 247 197 ‘-
324 174 326 181 ·
411 174 444 230 o·
481 173 640 217 uonsru
675 154 807 226 riscus

158 272 201 321 24.
223 254 357 308 'Conuliis
378 252 485 307 iuvenis
509 253 636 322 revictae]
672 253 757 324 Quod
775 252 933 310 unitum
957 254 994 311 ist
1016 268 1090 315 tto!-

124 324 213 379 uullis
230 323 387 377 emendetis
404 322 551 377 codicibus
574 322 713 394 reperisse
739 341 768 376 se
792 334 903 392 nemi,
937 343 1089 394 repressos,-

124 394 156 447 id
173 409 228 464 ego
246 393 279 447 iu
298 393 453 446 veterrimo
476 393 638 446 Greerieno
654 390 738 458 «ridi,
770 393 820 444 nbi
838 393 939 465 primo
961 405 1026 449 eret
1050 414 1091 449 re·

124 464 227 527 mosee,
256 470 285 514 et
307 471 405 532 postes
426 478 474 514 sex
499 460 702 532 posterioribus
720 459 812 515 literis
828 476 881 532 per
899 472 1007 533 puncta
1024 466 1090 521 eub-

99 582 102 587 ,
125 539 223 584 notato
240 538 285 595 (ut
303 529 384 595 solet)
404 529 511 596 deletis,
533 529 758 602 suprascriptum
774 546 863 582 minu
880 540 910 583 et
927 540 1091 588 enemente

124 599 228 655 iisdem
243 598 357 667 preisoe.
385 599 423 652 Et
439 601 581 669 quantivis
597 615 664 653 sene
682 601 769 668 pretii
785 615 820 652 es
836 597 923 653 lectio
941 608 1000 655 est:
1020 618 1089 657 uem

124 668 211 738 vulgo
228 676 344 736 recepte
359 668 407 720 rix
425 669 507 722 uobis
525 669 764 739 placerepotest,
794 666 821 721 si
844 667 891 723 vel
916 684 1023 725 emm·
1041 670 1088 727 vel

123 732 227 792 urium
243 736 427 791 adhibemus:

524 804 573 854 seri
590 804 639 856 aiu

192 872 311 943 Loteque
330 872 462 925 victrices
480 863 603 923 caterine

227 943 357 995 Consiliis
373 943 476 992 iuuenis
492 940 617 992 rev'ictee
853 984 855 989 .

119 1010 122 1015 ’
192 1012 310 1075 Sensere,
328 1011 392 1080 quid
409 1027 483 1061 mens
499 1012 565 1074 rite,
583 1008 647 1079 quiri
665 1006 840 1064 indolescit·

122 1079 185 1133 Into
216 1097 283 1132 vero
308 1094 456 1147 repressae,
487 1088 520 1129 ut
546 1086 575 1131 et
597 1076 668 1146 legit
691 1075 860 1132 scholiastes
884 1076 1085 1151 Porphyrium

123 1149 268 1211 Consiliis,
296 1148 348 1215 rit,
374 1147 480 1198 iuvenis
498 1162 642 1216 repressae
658 1164 689 1199 eo
701 1149 846 1213 pertinet,¹
867 1149 938 1218 quoii
955 1148 1013 1200 lete
1030 1151 1086 1201 oio-

122 1219 203 1268 trr'ces
219 1218 333 1267 dixerat.
375 1214 458 1267 Nihil
476 1216 570 1267 verius
589 1214 646 1265 diei
667 1214 767 1284 potuit.
811 1215 867 1297 Qui
894 1226 978 1270 entes
1004 1216 1086 1285 longe

121 1285 227 1354 lateque
245 1282 458 1353 grossrbentur,
488 1285 547 1336 inm
566 1285 692 1350 repressi,
717 1282 853 1351 cohibiti,
872 1294 901 1337 et
916 1284 995 1338 intre
1011 1286 1085 1341 iinee

121 1368 185 1405 suos
208 1352 348 1422 compulsi
371 1362 445 1405 sunt.
479 1352 583 1417 Cicero
603 1352 639 1402 de
658 1352 1041 1407 Provinciii'Ccnsulerilsue
1058 1368 1083 1407 c.

123 1435 163 1476 12.
183 1420 317 1473 Nationes
334 1439 387 1486 eas,
408 1438 600 1491 quaeuumero
617 1420 802 1477 hominumue
822 1422 994 1475 multitudine
1012 1423 1082 1489 ipsa,

119 1503 243 1559 poterant
261 1492 289 1541 in
308 1491 464 1558 prouincias
478 1501 585 1541 nostros
605 1488 778 1556 redundare,
807 1492 846 1541 ito
865 1491 899 1542 ab
917 1490 1010 1543 coelem
1027 1508 1085 1543 esse

36 1572 43 1583 ¹
118 1560 221 1628 partim
237 1560 345 1622 recisas,
365 1561 464 1625 partim
482 1574 638 1627 repressere
656 1570 686 1609 ut
703 1554 775 1622 Asia,
793 1574 861 1626 quae
877 1560 1018 1625 imperium
1035 1576 1083 1611 no·

82 1662 84 1667 -
120 1640 205 1678 strum
225 1641 285 1679 ante
304 1628 478 1692 terminabat,
497 1644 572 1679 nunc·
584 1627 668 1677 tribus
687 1628 764 1679 nouis
781 1628 930 1694 prouinciis
946 1628 1006 1694 ipso
1025 1628 1082 1679 cist·

119 1710 212 1762 parur.
255 1696 292 1748 Et
310 1714 374 1749 mox
392 1714 417 1753 o.
438 1694 477 1765 ig.
523 1697 585 1764 lpse
613 1696 660 1745 ille
683 1695 714 1746 0.
739 1694 849 1747 Masius
870 1694 1028 1759 influentes
1051 1697 1082 1747 in

118 1765 233 1817 Italiam
250 1766 392 1825 Gallorum
408 1767 541 1817 maximas
556 1764 646 1831 copias
665 1764 810 1832 repressit,
829 1774 894 1818 ‚nort
908 1764 920 1813 i
937 1781 966 1815 se
984 1764 1020 1815 od
1037 1780 1082 1815 eo·

120 1850 179 1883 rum
196 1833 275 1885 urbes
291 1835 417 1904 sedesque
434 1835 591 1903 penetrauit.
606 1883 609 1889 ,
626 1831 800 1885 Claudianus
817 1780 947 1887 (Mello
963 1832 1080 1905 Gotho,

119 1918 146 1954 v.
184 1917 227 1953 oo.
365 1951 367 1955 .
887 1928 889 1935 ·
1072 1952 1077 1959 .

134 2024 137 2033 Ι
166 1916 248 2019 4Ηοσ
267 1970 370 2019 monitu
385 1971 488 2033 pariter
502 1968 642 2020 nascentia
658 1966 733 2033 belle
747 1966 894 2045 repressit.
920 1976 923 1981 '

121 2036 181 2099 vel.
201 2032 351 2101 Maximus,
371 2036 425 2102 VI,
444 2038 515 2107 9.·⁶.
534 2037 569 2089 de
587 2035 673 2106 Sylla.
707 2034 896 2087 Mithridatem
912 2035 1081 2102 compescitis,

119 2105 230 2155 socialis
247 2105 311 2159 belli
320 2106 427 2171 fluctus
443 2104 585 2174 repressit.
620 2104 696 2156 illud
720 2103 822 2156 deinde
847 2113 939 2173 noto„
961 2102 1082 2161 conuliis

118 2174 239 2224 iuvenis:
268 2190 336 2225 num
362 2182 389 2222 et
410 2188 443 2225 eo
461 2172 508 2226 lou
532 2190 546 2221 e
566 2172 789 2242 aptiusreiersr
815 2188 966 2241 repressae,
994 2186 1081 2241 quatu

120 2243 243 2292 revictae.
285 2239 437 2294 Suetonius
461 2242 492 2294 in
544 2242 635 2307 ibreio
660 2258 685 2293 c.
710 2250 752 2312 37.
790 2243 879 2310 Reges
901 2241 1014 2308 infestos
1037 2256 1082 2289 su·

119 2322 272 2378 spretosque
291 2309 563 2364 comminationibus
582 2313 670 2377 magis
687 2324 711 2360 et
730 2310 861 2380 querelis,
882 2326 961 2377 quam
980 2309 1017 2373 ui,
1036 2322 1081 2359 re·

120 2381 230 2448 pressit.
267 2379 379 2442 Contra,
399 2396 485 2449 quom
502 2378 608 2433 insulse
625 2378 704 2431 sodes
720 2378 853 2449 repetitio
871 2384 927 2443 esi,
953 2376 1081 2429 Victrices

118 2445 257 2497 revictae?
287 2464 370 2516 quem
390 2448 513 2516 quinon
531 2448 607 2516 odit,
638 2448 714 2508 ieet
731 2456 840 2499 amotae
857 2462 924 2499 suae
942 2444 1080 2523 polypum

119 2514 263 2584 depereat.
309 2515 363 2566 Sed
394 2534 541 2584 repressae,
575 2517 726 2587 inquiunt,
760 2515 853 2568 multo
877 2514 973 2566 miuus
995 2512 1104 2579 eicit„

140 2600 206 2634 nam
232 2599 284 2653 par
309 2594 366 2637 est:
399 2586 606 2655 parumi‘euim
634 2585 733 2637 fuisset
760 2587 902 2653 reprimere
932 2580 1076 2633 berbtros.

148 2652 217 2703 uid?
236 2669 329 2704 ennon
348 2654 414 2705 setis
431 2653 492 2720 hoc,
513 2656 586 2724 quoti
605 2653 736 2724 repressit
752 2654 864 2714 iuvenis,
882 2666 941 2703 nou
958 2649 1014 2701 dux
1029 2666 1079 2701 re·

118 2727 251 2780 turanum
283 2722 358 2789 quod
383 2722 520 2789 consiliis,
546 2740 602 2775 non
630 2722 746 2792 praeliis
770 2721 861 2772 multo
879 2732 998 2771 suorum
1014 2732 1079 2770 sen·

119 2790 208 2858 guine
226 2788 324 2859 lectis;
356 2789 431 2856 quod
454 2792 501 2842 diu
524 2792 627 2859 lateque
647 2791 768 2840 victrices
787 2804 924 2853 cateruas,
950 2786 1078 2837 nottho·

116 2866 190 2915 stem
208 2874 334 2910 nurnero
360 2860 551 2928 spernendum
579 2868 607 2909 et
632 2858 774 2927 prioribus
798 2857 909 2909 damnis
932 2852 1078 2906 nassum?

118 2927 203 2994 Atqui
225 2930 339 2978 revictise
356 2927 446 2979 multo
464 2930 560 2981 minus
578 2927 662 2992 dicit,
688 2928 747 2978 imo
766 2926 840 2977 nihil
859 2924 931 2977 dieii
948 2923 1078 2975 omuino.

117 2993 192 3046 Num
211 2988 324 3046 revictus
343 2994 416 3047 nihil
435 2996 514 3049 uliud
533 3005 625 3061 notet,
655 3012 740 3073 (priam
760 2995 906 3063 refutatus,
924 2992 1079 3051 conuictum

117 3078 211 3131 neque
230 3080 364 3133 umquem
383 3065 418 3115 de
435 3064 519 3117 bellis
536 3074 566 3123 et
581 3063 705 3129 proeliis,
726 3064 773 3115 sed
787 3066 822 3114 :le
840 3058 1002 3128 calumniis,
1022 3058 1080 3111 ori·

83 3148 87 3154 ·
117 3131 253 3252 ffiinibiu,
272 3141 301 3183 et
318 3134 433 3185 iudiciis
451 3143 611 3205 usurpetur.
647 3131 766 3187 Ovidius
783 3134 854 3190 Fiet.
873 3130 927 3199 Vl,
952 3126 1014 3198 432.
1041 3126 1079 3180 de

154 3216 261 3251 inerte.
404 3244 406 3249 .
724 3220 730 3228 ·

182 3270 229 3318 Ee
246 3286 296 3337 quo
313 3268 422 3321 iudicio
433 3268 529 3336 forme
547 3269 655 3322 revicti
673 3288 721 3321 suo
739 3282 786 3321 est.
841 3328 844 3335 ¹

119 3335 231 3391 Gellius
249 3340 287 3403 V,
312 3351 337 3390 2.
374 3334 443 3404 Qui,
469 3338 528 3390 cum
545 3342 574 3390 in
592 3338 670 3404 culpo
687 3351 712 3388 et
732 3336 867 3403 maleficio
883 3334 988 3391 revicti
1006 3350 1078 3402 stmt,

138 3405 274 3471 erfugiunt
291 3406 327 3454 od
338 3404 398 3471 sati
414 3410 605 3469 necessitatem,
643 3408 684 3459 lta
703 3406 820 3471 Cicero,
839 3405 1077 3471 iudicio·reoinci;

143 3474 224 3538 isius,
244 3472 345 3523 crissen
361 3476 505 3526 revictum:
523 3474 672 3527 Literetius
691 3472 737 3541 IV,
755 3486 814 3543 439.
980 3492 983 3497 ·

185 3543 227 3593 An
243 3552 367 3609 poterunt
383 3543 475 3595 oculos
491 3561 569 3595 cures
586 3542 815 3615 reprehendere?
832 3560 869 3594 on
888 3556 967 3615 suges
