2250 3990
74 171 96 235 6
360 190 392 244 o.
429 184 589 231 noaarrr
623 187 755 230 resecr

75 264 206 345 Ἠοῖ-ἴω,
226 258 330 324 Anndl.
348 270 371 338 Ι,
392 284 419 324 2.
456 271 492 320 Ac
508 272 586 321 novis
602 287 634 321 ex
652 272 728 322 rebus
746 270 820 323 aucti
835 274 897 321 tuln
914 279 941 321 et
959 269 1035 336 prai-

77 347 182 399 seutra,
199 353 278 402 quam
294 350 384 389 vetera
403 353 428 390 et
446 340 598 406 periculosa
614 340 732 390 mallent.
757 340 796 390 Et
812 339 876 404 XV,
898 355 942 406 29.
962 338 1034 389 Esin

80 402 221 461 Romanus
236 405 331 458 laudat
348 409 485 472 iuvenem,
504 408 610 459 omissis
626 409 819 476 praecipitibus
837 415 900 458 tuta
918 418 944 456 er
961 404 1034 473 salu·

79 471 151 519 toria
168 487 354 537 capessentem.
392 477 464 526 Tuta
481 485 577 527 autem
587 477 687 544 oppidi,
705 484 738 527 ut
749 475 887 546 Virgilius
906 470 956 542 Xl,
974 482 1031 537 88¹2.

147 539 293 592 Moenibus
308 545 338 594 in
351 546 451 619 patriis
467 557 545 612 atque
563 546 634 594 incer
651 554 713 597 tuta
730 543 891 596 domorum.

78 605 168 657 Recte
185 625 273 677 porro
291 621 321 663 et
337 613 541 665 convenienter
565 613 741 681 iunguntur,
776 609 871 665 Otium
893 623 920 664 et
946 608 1050 671 Tutor.

78 683 112 725 ut
130 676 273 729 Martialis
292 680 362 747 m,
381 696 406 747 5.

98 744 242 884 ιΠίἷίιινόαῖ
250 747 344 815 legant
359 751 456 814 oacui,
466 749 572 823 quibus
589 749 650 803 otis
668 757 731 803 tutu
747 747 856 803 dedisti·

80 824 98 862 e
178 840 206 878 ,·
243 853 251 866 .

149 881 225 934 Tuta
241 883 445 939 luditis'otium
462 887 565 939 camna.
674 938 679 946 „

81 947 185 1018 virgil
202 945 308 1023 (ἴσως.
327 954 388 1021 111,
406 955 466 1025 376.

151 1043 159 1057 ·
218 1054 222 1063 ·
316 1039 416 1074 secura
431 1023 481 1073 sub
499 1024 558 1074 alta

151 1087 219 1140 Otia
238 1104 323 1156 agunt
339 1104 420 1141 terra.
1003 1123 1012 1133 ·

80 1154 215 1274 geuiqule
232 1160 288 1210 rite
305 1167 334 1210 et
351 1159 387 1212 de
410 1176 493 1213 more
508 1159 618 1211 Laudat
636 1170 695 1212 tuta
718 1157 839 1232 aliquist
875 1166 909 1212 ut
931 1161 1037 1217 Noster

107 1232 170 1293 pm·
211 1265 220 1292 s
240 1241 281 1290 (5·
845 1252 851 1269 “
999 1258 1007 1271 '
1046 1248 1053 1257 ¹

151 1291 288 1344 Nimirum
305 1294 351 1346 liic
368 1313 417 1364 ego
433 1315 509 1347 sum:
523 1312 589 1346 nam
605 1304 655 1348 tua
671 1308 697 1347 et
715 1296 830 1362 paruula
847 1294 951 1353 laudo:
980 1324 984 1329 ·

82 1361 250 1430 praesertim
267 1363 420 1431 Mercator,
451 1364 502 1434 qui
524 1365 569 1416 rei
626 1364 731 1417 modae
748 1381 833 1414 carisa
851 1365 991 1433 periculis
1004 1380 1054 1427 st·

81 1426 235 1494 obiiciens,
256 1446 290 1484 su
311 1435 396 1486 remis
414 1432 471 1485 sibi
487 1434 561 1486 rotis
602 1434 654 1484 'uta
673 1434 729 1483 oria
748 1432 916 1501 pollicetur:
934 1440 969 1487 ut'
983 1430 1050 1487 ite·¹

80 1498 270 1552 rumNoster
322 1517 377 1554 rm.
398 1503 425 1568 I,
451 1520 473 1554 ι.

332 1576 493 1641 nautaeque
510 1582 558 1639 per
575 1586 651 1620 omue

150 1636 272 1689 Audaces
288 1656 362 1689 mare
377 1642 425 1707 qui
441 1653 567 1703 currum,
586 1637 638 1688 lmc
657 1650 742 1688 eunte
761 1633 880 1688 laborem

152 1705 213 1756 Sese
221 1705 410 1772 serre,.senes
429 1711 505 1761 utin
522 1708 581 1759 otia
598 1716 661 1758 tuta
680 1706 812 1757 recedant.

81 1772 224 1855 Equidem
240 1793 306 1827 rura
321 1778 414 1848 oppidi
431 1777 478 1830 vel
496 1775 592 1829 simile
611 1775 681 1846 quid
706 1791 766 1827 nou
789 1787 910 1843 usquam
935 1769 1040 1844 legisse

81 1858 215 1904 nemim,
423 1874 426 1879 ·
844 1852 849 1857 '
1015 1844 1028 1881 ¹·

315 1964 319 1971 ’
355 1940 400 2010 11.
452 1961 504 2008 sn
530 1961 758 2009 sucoso-ou.

117 2065 159 2101 ro.
179 2048 255 2100 Nota
272 2067 340 2117 quae
361 2050 437 2099 sedes
452 2048 550 2114 fumat
573 2048 712 2115 columbis]
739 2047 836 2100 Codex
861 2043 1059 2111 hildinum:

82 2125 137 2237 gro
158 2117 376 2170 enucleatione
395 2116 548 2180 Palumbis,
581 2115 629 2166 cui
647 2115 840 2185 astipulantur
863 2112 916 2166 illa
933 2115 1042 2169 veteris

103 2185 275 2253 cholinus,
304 2186 414 2236 Leviter
430 2187 506 2234 inre
523 2198 579 2234 tam
597 2185 682 2234 atroci
700 2199 725 2235 et
743 2187 859 2250 piscium
883 2195 909 2232 et
925 2181 1041 2252 palum·

82 2252 186 2306 borum
202 2255 330 2304 meminit.
383 2253 530 2304 Nimirum
548 2253 606 2305 iam
625 2251 698 2304 olim
713 2251 861 2304 hic-locus
879 2251 965 2303 obelo
982 2252 1039 2305 u‘o-

82 2330 156 2374 tatus
174 2331 230 2376 est:
258 2338 325 2374 cum
342 2322 422 2373 enim
438 2321 588 2373 arboribus
606 2337 672 2373 raro
689 2329 738 2373 sut
755 2335 912 2378 numanam
931 2319 1042 2371 Colum-

84 2389 134 2440 lae
149 2390 301 2457 insideant,
323 2407 380 2460 quo
396 2391 462 2440 iure
483 2390 589 2441 Ulmrem
609 2389 658 2440 bio
668 2386 795 2459 appellat
810 2389 913 2438 Natam
925 2386 1062 2439 colum·'

83 2456 187 2511 bamur
204 2458 322 2511 sedem?
339 2461 383 2511 Au
402 2474 574 2527 reponemus
590 2456 687 2526 itaque
703 2458 750 2508 his
757 2454 972 2509 fideiussoribus
985 2456 1040 2505 Pa·
1054 2484 1057 2489 ·

84 2526 203 2579 lumlis?
233 2527 310 2579 Illud
328 2536 425 2579 tarneu
443 2527 623 2593 adversatur,
643 2525 720 2595 quod
739 2535 769 2577 et
784 2526 886 2577 Noster
902 2522 990 2589 olibi,
1010 2531 1039 2575 et

84 2595 224 2662 Virgilius
241 2596 396 2647 Palumhem
414 2595 506 2648 solent
523 2594 634 2661 dicere,
658 2610 716 2645 nou
737 2593 902 2644 Palumbum.
937 2590 1039 2643 Sedet

84 2662 234 2714 Palumbus
249 2681 313 2716 suos
324 2673 453 2716 auctores
463 2664 556 2729 babet,
576 2661 778 2728 Columellam,
798 2660 937 2726 Plinium,
958 2659 1039 2711 Mar·

84 2730 200 2797 dalem,
230 2731 369 2785 Catonem
391 2733 436 2784 De
454 2732 497 2783 Re
513 2731 593 2783 unse
621 2746 684 2800 oap.
708 2731 782 2783 XCI.
836 2729 898 2781 Iam
920 2726 1058 2796 quidem

85 2799 163 2873 apud
181 2801 312 2855 Persium
328 2802 388 2868 111,
409 2816 450 2868 ²5·
467 2807 533 2871 post
548 2798 699 2852 Pithoeum
716 2801 757 2851 sic
774 2797 862 2853 bodie
877 2797 987 2851 ierturt
1011 2798 1018 2812 '
1050 2808 1054 2819 ¹

190 2882 219 2918 ar
238 2888 286 2919 cur
304 2887 357 2919 non
376 2870 465 2935 potius
483 2881 625 2937 teneroque
641 2868 777 2921 columbo
1046 2860 1052 2885 '

120 2938 159 2988 Et
175 2937 275 2987 siusilis
291 2954 383 3003 regum
400 2937 499 3003 pueris.

86 3005 193 3057 Verum
210 3004 253 3056 ibi
271 3013 301 3056 et
319 3013 428 3057 veteres
444 3004 585 3057 editiones
601 3011 629 3054 et
647 3011 705 3054 tres
724 3018 793 3071 quos
812 3000 942 3055 couudui
961 2999 1041 3056 codi-

87 3089 134 3125 ces
152 3073 280 3125 Palumbo
297 3072 383 3143 plane
400 3072 542 3125 exhibent.
561 3072 698 3123 Excusari
709 3073 817 3142 poterit
834 3081 951 3140 recepta
959 3070 1040 3123 Flac·

87 3142 117 3192 ci
135 3140 238 3209 lectio,
266 3141 292 3194 si
316 3140 420 3193 dixeris
442 3141 494 3193 sub
511 3139 717 3192 columbarum
742 3142 860 3192 nominc
879 3139 970 3193 etiem
986 3140 1046 3191 Ps-¹

86 3206 198 3261 lumbes
216 3208 436 3281 comprehendi:
464 3209 515 3263 sed
539 3224 633 3278 oeque
651 3206 705 3262 illo
722 3217 805 3281 pacto
824 3207 932 3261 vitatur
950 3204 1042 3262 ambi·

87 3292 177 3349 guum
197 3286 227 3329 et
243 3273 277 3330 τὸ
293 3270 486 3345 εὐδιάβλητοι.

121 3362 164 3425 51.
183 3346 263 3398 Nube
280 3347 423 3396 candentes
441 3343 566 3396 humeros
583 3344 706 3412 arnictrcr]
728 3344 773 3396 Ita
790 3360 868 3396 nuuc
885 3340 1056 3415 plemen&¹

87 3414 245 3468 editiones:
274 3430 373 3466 verum
397 3413 542 3493 principes
565 3411 635 3465 illae
661 3414 784 3464 Venetae
806 3421 835 3464 et
850 3413 1063 3467 bucherius-¹

87 3483 229 3542 candenti,
246 3498 340 3553 neque
359 3481 445 3535 aliter
461 3482 535 3536 clun
551 3482 646 3534 Acron
665 3480 848 3533 Scholisstese
866 3481 979 3546 Melius,
996 3481 1042 3533 iu·
1060 3528 1063 3537 .

86 3552 165 3624 quit,
194 3551 277 3606 Nube
301 3552 440 3621 cmtenit,
469 3568 550 3624 marn
566 3549 711 3604 cadentis
726 3548 859 3604 humeros.
910 3549 993 3606 ldem
1008 3549 1041 3603 iu
