2250 3990
281 224 480 297 annuorum
511 221 585 269 ιιι.
613 204 664 281 li,
696 218 729 271 u.
844 276 847 281 ,
917 206 981 275 619

39 305 98 361 fri:
120 302 160 359 'in
184 304 375 376 quibusnam
392 316 450 359 tres
473 305 621 359 Blandinii
645 307 722 387 apud
739 298 901 373 Gruisdlum
918 324 980 361 oni·

39 390 103 427 arm
121 374 276 428 veterrimi.
309 374 392 427 Idem
408 392 461 428 nos
477 375 640 429 invenimus
658 375 857 445 eulandensi,
885 376 979 429 Batta-

39 461 108 511 ιιιο,
128 453 156 497 et
172 444 264 495 trihus
282 441 364 497 aliis:
383 444 539 515 Quaeritur
553 444 627 512 iam,
647 452 746 497 utrum
762 450 798 497 sit
815 445 978 529 praeferen-

39 530 105 578 arn,
141 512 269 563 Abnormi
292 524 318 563 et
341 529 433 563 crassa
455 512 601 577 Minerva,
635 528 673 565 ru
697 512 840 565 Abnormss
859 515 976 581 sepiens.

40 581 96 637 ihi
118 580 235 649 quidem
248 582 400 650 ,posterius
423 583 515 648 magis
536 581 640 651 placet.
690 582 800 649 Supinas
822 582 871 634 liic
897 580 977 641 idem

39 658 75 717 ,tf
87 665 122 700 ac
136 647 325 715 Philosophus.
361 648 609 717 Quemadmodum
626 658 722 701 autem
740 652 845 703 Stoicus
859 652 976 719 sapiens,

40 718 191 769 adanam
206 720 330 785 sapiens,
347 733 402 787 pro
418 726 511 771 ιοειιιε
527 718 638 773 ratione
656 718 777 770 dicitur:
803 719 844 771 ita
861 716 976 771 Ofellus
1011 742 1014 746 ·

40 795 75 840 rt
92 785 228 835 abnormis
243 788 359 853 sapiens,
376 787 433 837 troc
445 796 494 851 est,
514 786 626 865 sepiens
640 785 749 839 nullius
765 802 891 851 normae,
910 785 975 837 nul·

40 870 68 907 ts
88 862 183 905 sectae
196 861 224 904 et
242 852 422 921 disciplinae,
440 854 654 917 uurodiduuwc,
671 864 774 908 natura
791 864 821 908 st
835 852 974 921 muribus,

40 938 73 975 ,ιι
98 921 229 973 doctrina
253 932 283 973 et
301 921 456 991 disciplina
475 924 596 992 sapiens.
638 922 741 975 Cicero
764 924 798 977 in
822 920 923 1043 iiim
948 920 990 973 c.'.

47 1008 80 1055 ,ιι
101 990 241 1041 Lambino
266 990 315 1041 hic
339 990 410 1043 olim
429 1000 547 1046 citatus:
578 990 733 1061 Numquam
757 1010 806 1061 ego
861 1008 920 1042 cam
943 990 976 1042 C.

40 1058 182 1122 abaciam,
201 1058 243 1108 M.
263 1058 383 1124 Curium,
406 1058 438 1110 T.
459 1061 670 1123 Coruncanium,
690 1078 755 1129 quos
773 1062 911 1129 Sapienter
925 1075 976 1109 no-

40 1128 60 1177 'r'
91 1128 207 1176 maiorer
229 1118 402 1191 iudicabant,
428 1129 464 1179 ad
487 1130 599 1180 istorum
626 1128 815 1195 (Graecorum)
840 1142 975 1181 ιιοιιιιιιιι

40 1196 101 1247 isse
123 1194 272 1263 sapientes.
316 1196 391 1264 Ergo
418 1197 553 1248 abnormis
574 1198 683 1264 sapiens
708 1206 787 1249 recte
812 1197 920 1249 dicitur
945 1202 975 1245 et
1064 1248 1069 1264 Ι,

40 1272 179 1333 egenter:
208 1264 344 1319 abnormis
361 1280 428 1319 vero
444 1264 574 1317 Minerua
590 1282 650 1318 non
668 1266 710 1319 ita
726 1265 883 1334 concinne,
907 1278 974 1315 meo

40 1334 136 1385 isdem
150 1332 268 1385 iudicio.

43 1414 94 1464 ιι.
113 1401 181 1451 Ciam
198 1402 276 1453 labor
292 1401 424 1453 reinduit
432 1400 564 1469 fastidia]
602 1400 752 1464 Excudent,
769 1401 865 1471 inquit
878 1403 975 1453 Acran

40 1469 202 1536 holinstes,
229 1470 257 1519 id
275 1482 328 1535 est,
356 1470 516 1533 excusserit,
540 1469 654 1533 delicias
669 1470 718 1532 tibi
734 1470 849 1522 eiecerit.
884 1470 975 1521 Recte

40 1537 134 1591 tidem
153 1537 262 1589 licead
280 1546 405 1589 mentem
426 1537 547 1604 Horatii,
569 1539 713 1587 excusserit
723 1538 860 1603 fastidia.-
876 1548 909 1588 ut
925 1538 975 1589 Se·

41 1624 89 1658 tce
115 1606 167 1675 Ep.
187 1605 282 1656 cxlx.
325 1608 401 1655 Inter
425 1604 528 1671 reliqu'a
551 1603 602 1655 liae
624 1604 700 1655 nobis
721 1618 820 1657 natura
841 1606 976 1673 praestitit

42 1676 206 1741 aecipuum,
237 1672 307 1741 quod
328 1672 482 1722 necessitati
497 1670 644 1738 fastidium
670 1674 792 1725 excussit.
828 1672 882 1725 sed
899 1672 976 1735 illud

41 1744 103 1796 ilde
124 1741 239 1805 dubito,
269 1757 305 1791 an
330 1740 456 1790 extulerit
465 1740 584 1805 fastidia
604 1741 691 1808 possit
707 1740 784 1791 idem
804 1757 861 1793 esse
879 1758 913 1792 ac
930 1758 977 1791 ea·

41 1812 133 1862 usserit
151 1821 176 1859 et
193 1810 317 1861 eiecerit:
333 1809 424 1861 immo
442 1806 565 1859 alterum
585 1810 620 1860 ab
637 1808 729 1861 altero
746 1809 873 1861 immane
887 1824 977 1878 quau·

41 1895 83 1930 rm
108 1876 269 1945 discrepare
294 1876 445 1943 contendo.
491 1876 644 1928 detundere
669 1878 747 1929 enim
773 1877 876 1945 aliquid
916 1893 977 1928 ιιοιι
1043 1931 1046 1936 ,

41 1956 62 1998 ιι
83 1954 231 2011 excutere,
258 1954 290 1995 ut
308 1947 402 1996 eiicias
417 1958 443 1996 et
460 1946 595 2013 expellas,
613 1944 662 1998 s'ed
679 1956 711 1999 ut
727 1946 850 2011 invenias
907 1944 978 1997 obti-

41 2032 94 2067 ras.
131 2012 233 2079 Virgil.
248 2014 354 2083 Georg.
372 2014 395 2079 l,
417 2030 475 2082 ¹35·

92 2084 129 2134 Ut
144 2083 236 2132 variar
249 2100 316 2133 usus
333 2082 484 2133 medicando
503 2082 670 2135 extunderet
688 2094 777 2135 artes:

41 2167 73 2204 ιε
91 2159 146 2215 est,
168 2159 199 2200 ut
218 2160 296 2201 recte
315 2150 429 2203 Servius
447 2156 580 2220 exponit,
608 2152 728 2204 studiose
743 2150 873 2219 reperiret
890 2162 917 2203 et
933 2164 978 2205 se*

44 2233 95 2272 ret.
130 2217 242 2270 Ibidem
260 2220 307 2285 lv,
327 2232 387 2286 ὄις.

89 2287 158 2354 Quis
175 2286 334 2349 deusdona,
351 2286 460 2351 illusae,
479 2289 538 2356 quis
554 2288 630 2339 nobis
646 2286 757 2339 extudit
774 2285 881 2337 artent?

41 2357 50 2411 l
68 2367 118 2419 est,
138 2364 169 2405 ut
187 2355 292 2411 iterum
309 2357 432 2421 Servius,
449 2356 567 2406 studiose
587 2360 699 2423 reperit:
718 2365 746 2405 et
765 2374 791 2406 v.
809 2356 869 2424 526.

88 2426 133 2474 En
151 2425 241 2485 etiam,
259 2422 330 2474 hunc
347 2425 434 2487 ipsum
451 2426 524 2473 vitae
543 2428 664 2475 mortalis
681 2424 817 2486 honorem,

88 2490 175 2611 gisem
192 2490 320 2541 mibi-vix
329 2492 446 2557 frugum
465 2504 491 2541 et
506 2494 634 2557 pecudum
653 2494 775 2542 custodia
792 2490 889 2543 sollers

115 2561 188 2609 mnia
205 2561 320 2609 tentanti
336 2559 492 2625 extttderat,
514 2574 538 2609 te
556 2575 655 2624 matre,
675 2562 805 2627 ra'inpuo.

42 2630 49 2682 l
73 2637 130 2695 est,
161 2629 301 2678 inuenerat
324 2640 351 2679 et
369 2630 555 2697 acquisiverat.
599 2628 715 2683 Plautus
738 2622 864 2679 Mostell.
890 2625 919 2692 Ι,
948 2640 976 2693 5.

83 2714 172 2832 ilique
194 2764 276 2831 olim,
301 2765 456 2834 priusquam
479 2767 509 2816 id
532 2763 644 2829 extrudi,
680 2760 827 2833 autemilli
848 2760 975 2813 subblon-
1042 2756 1046 2763 '

574 2834 682 2883 fitetur:

42 2900 123 2965 lest,
149 2901 266 2963 obtinui,
286 2902 443 2967 impetravi,
468 2902 575 2952 extorsi.
610 2902 646 2951 Et
671 2896 771 2950 codem
789 2896 975 2969 planesensu

42 2968 168 3020 aetonius
187 2972 297 3038 Vespas.
317 2986 378 3039 cap.
402 2985 441 3023 ιι.
477 2968 537 3020 Nec
561 2968 686 3035 compelli
708 2967 761 3017 nisi
785 2986 802 3017 a
821 2971 905 3017 matre
927 2984 976 3034 po.

42 3039 86 3089 :itr
115 3038 270 3087 eudemum
295 3038 420 3101 extudit,
454 3040 540 3105 magis
563 3036 682 3087 comicia
700 3050 778 3103 qnam
794 3037 916 3103 precibus
932 3035 977 3087 uel

42 3109 195 3157 actoritate.-
219 3115 247 3156 et
266 3106 393 3157 Valerius
412 3106 487 3157 Max.
509 3108 536 3171 l,
556 3121 588 3170 4,
607 3120 633 3167 4.
670 3102 770 3171 Virque
793 3104 974 3171 extuderunt,

42 3176 171 3240 {domurn
190 3175 295 3225 rediret.
332 3173 444 3224 Gellius
462 3173 553 3238 XVII,
586 3188 627 3227 ao.
662 3170 829 3227 Existimant,
850 3173 976 3239 eioquen·
1001 3202 1004 3207 ,

42 3261 74 3293 ne
99 3244 181 3292 unius
207 3240 405 3293 extundendae
428 3242 519 3309 gratia
548 3240 665 3292 Athenas
689 3242 809 3291 venisse:
842 3240 898 3293 boc
924 3248 975 3307 est,

43 3312 201 3373 merendae,
223 3310 426 3373 comparandae.
462 3312 569 3360 Auctor
594 3308 703 3378 dialogi
722 3308 765 3361 De
787 3310 890 3361 caussis
914 3325 976 3359 cor·

43 3390 121 3448 aptae
140 3378 320 3447 eloquentiae
339 3394 363 3427 c.
381 3394 407 3447 9.
454 3379 489 3430 Ut
513 3397 574 3429 cum
598 3392 651 3429 toto
677 3395 748 3428 aurio
773 3394 855 3427 unum
878 3376 978 3429 librmn

43 3448 130 3499 studit
149 3462 173 3497 et
191 3446 365 3497 elucubravit.
401 3447 443 3499 Ne
460 3446 567 3499 multat
596 3447 627 3499 id
646 3444 778 3514 polliceri
796 3444 851 3496 tibi
874 3444 976 3512 ausim,

43 3516 195 3585 bicumque
213 3515 267 3567 hoc
286 3514 457 3567 vocabulum
476 3516 610 3581 occurrit,
629 3515 730 3567 eodeni
750 3530 806 3583 quc
823 3515 854 3565 in
874 3513 920 3565 his
936 3512 979 3565 lo·

43 3586 161 3639 ἰιιειιιιι
178 3584 362 3653 minuendi,
379 3582 564 3657 acquirendi,
583 3580 772 3657 impetrandi,
791 3580 978 3653 extorquendi
