<?xml version="1.0" encoding="UTF-8"?>
<!DOCTYPE html PUBLIC "-//W3C//DTD XHTML 1.0 Transitional//EN"
    "http://www.w3.org/TR/xhtml1/DTD/xhtml1-transitional.dtd">
<html xmlns="http://www.w3.org/1999/xhtml" xml:lang="en" lang="en">
 <head>
  <title>
</title>
<meta http-equiv="Content-Type" content="text/html;charset=utf-8" />
  <meta name='ocr-system' content='tesseract 3.04.00' />
  <meta name='ocr-capabilities' content='ocr_page ocr_carea ocr_par ocr_line ocrx_word'/>
</head>
<body>
  <div class='ocr_page' id='page_1' title='image "./richardibentlei00bentgoog_0085.png"; bbox 0 0 2228 3900; ppageno 0'>
   <div class='ocr_carea' id='block_1_1' title="bbox 79 142 748 225">
    <p class='ocr_par' dir='ltr' id='par_1_1' title="bbox 79 142 748 225">
     <span class='ocr_line' id='line_1_1' title="bbox 79 142 748 225; baseline -0.019 -18"><span class='ocrx_word' id='word_1_1' title='bbox 79 142 127 207; x_wconf 81' lang='lat'><em>58·</em></span> <span class='ocrx_word' id='word_1_2' title='bbox 354 155 392 211; x_wconf 66' lang='lat' dir='ltr'><em>e.</em></span> <span class='ocrx_word' id='word_1_3' title='bbox 426 151 585 197; x_wconf 75' lang='lat' dir='ltr'><em>nonem</em></span> <span class='ocrx_word' id='word_1_4' title='bbox 600 178 603 183; x_wconf 67' lang='lat'><em>,</em></span> <span class='ocrx_word' id='word_1_5' title='bbox 619 150 748 225; x_wconf 67' lang='lat' dir='ltr'><em>rnrccr</em></span> 
     </span>
    </p>
   </div>
   <div class='ocr_carea' id='block_1_2' title="bbox 18 237 1051 3461">
    <p class='ocr_par' dir='ltr' id='par_1_2' title="bbox 78 237 1037 859">
     <span class='ocr_line' id='line_1_2' title="bbox 80 237 304 312; baseline -0.018 -17"><span class='ocrx_word' id='word_1_6' title='bbox 80 238 183 312; x_wconf 79' lang='lat' dir='ltr'><em>virgil.</em></span> <span class='ocrx_word' id='word_1_7' title='bbox 203 237 304 311; x_wconf 74' lang='lat' dir='ltr'><em>Eclag.</em></span> 
     </span>
     <span class='ocr_line' id='line_1_3' title="bbox 147 306 944 380; baseline 0 -20"><span class='ocrx_word' id='word_1_8' title='bbox 147 311 223 361; x_wconf 83' lang='lat' dir='ltr'><em>Idem</em></span> <span class='ocrx_word' id='word_1_9' title='bbox 242 325 318 359; x_wconf 88' lang='lat' dir='ltr'><em>amor</em></span> <span class='ocrx_word' id='word_1_10' title='bbox 334 306 443 359; x_wconf 73' lang='lat' dir='ltr'><em>esitium</em></span> <span class='ocrx_word' id='word_1_11' title='bbox 461 314 501 357; x_wconf 85' lang='lat' dir='ltr'><em>est</em></span> <span class='ocrx_word' id='word_1_12' title='bbox 518 306 610 375; x_wconf 75' lang='lat' dir='ltr'><em>pecori</em></span> <span class='ocrx_word' id='word_1_13' title='bbox 624 307 775 380; x_wconf 74' lang='lat' dir='ltr'><em>pecorisque</em></span> <span class='ocrx_word' id='word_1_14' title='bbox 794 309 944 376; x_wconf 76' lang='lat' dir='ltr'><em>magistra·</em></span> 
     </span>
     <span class='ocr_line' id='line_1_4' title="bbox 78 378 729 433; baseline -0.006 -1"><span class='ocrx_word' id='word_1_15' title='bbox 78 378 116 432; x_wconf 75' lang='lat' dir='ltr'><em>Et</em></span> <span class='ocrx_word' id='word_1_16' title='bbox 132 382 201 433; x_wconf 85' lang='lat' dir='ltr'><em>Aen.</em></span> <span class='ocrx_word' id='word_1_17' title='bbox 222 379 261 429; x_wconf 89' lang='lat'><em>11.</em></span> <span class='ocrx_word' id='word_1_18' title='bbox 725 402 729 416; x_wconf 89' lang='lat'><strong>·</strong></span> 
     </span>
     <span class='ocr_line' id='line_1_5' title="bbox 91 443 973 513; baseline -0.001 -16"><span class='ocrx_word' id='word_1_19' title='bbox 91 452 96 461; x_wconf 94' lang='grc'><em>“</em></span> <span class='ocrx_word' id='word_1_20' title='bbox 151 447 219 509; x_wconf 85' lang='lat' dir='ltr'><em>Tum</em></span> <span class='ocrx_word' id='word_1_21' title='bbox 236 462 362 512; x_wconf 82' lang='lat' dir='ltr'><em>magnum</em></span> <span class='ocrx_word' id='word_1_22' title='bbox 380 445 490 494; x_wconf 78' lang='lat' dir='ltr'><em>exitium</em></span> <span class='ocrx_word' id='word_1_23' title='bbox 507 443 589 513; x_wconf 88' lang='lat' dir='ltr'><em>(quod</em></span> <span class='ocrx_word' id='word_1_24' title='bbox 605 446 634 495; x_wconf 81' lang='lat' dir='ltr'><em>di</em></span> <span class='ocrx_word' id='word_1_25' title='bbox 649 446 724 513; x_wconf 83' lang='lat' dir='ltr'><em>prius</em></span> <span class='ocrx_word' id='word_1_26' title='bbox 742 459 823 495; x_wconf 83' lang='lat' dir='ltr'><em>omen</em></span> <span class='ocrx_word' id='word_1_27' title='bbox 836 445 866 494; x_wconf 90' lang='lat' dir='ltr'><em>in</em></span> <span class='ocrx_word' id='word_1_28' title='bbox 882 446 973 512; x_wconf 84' lang='lat' dir='ltr'><em>ipsum</em></span> 
     </span>
     <span class='ocr_line' id='line_1_6' title="bbox 147 512 939 582; baseline -0.003 -16"><span class='ocrx_word' id='word_1_29' title='bbox 147 516 323 579; x_wconf 80' lang='lat' dir='ltr'><em>Convertant)</em></span> <span class='ocrx_word' id='word_1_30' title='bbox 342 513 445 563; x_wconf 83' lang='lat' dir='ltr'><em>Priami</em></span> <span class='ocrx_word' id='word_1_31' title='bbox 460 515 571 580; x_wconf 83' lang='lat' dir='ltr'><em>imperio</em></span> <span class='ocrx_word' id='word_1_32' title='bbox 590 512 792 582; x_wconf 77' lang='lat' dir='ltr'><em>Phrygibusque</em></span> <span class='ocrx_word' id='word_1_33' title='bbox 802 512 939 578; x_wconf 81' lang='lat' dir='ltr'><em>futurum.</em></span> 
     </span>
     <span class='ocr_line' id='line_1_7' title="bbox 78 579 1036 652; baseline -0.001 -14"><span class='ocrx_word' id='word_1_34' title='bbox 78 582 194 638; x_wconf 78' lang='lat' dir='ltr'><em>Arridct</em></span> <span class='ocrx_word' id='word_1_35' title='bbox 218 592 312 634; x_wconf 85' lang='lat' dir='ltr'><em>tumen</em></span> <span class='ocrx_word' id='word_1_36' title='bbox 359 598 407 632; x_wconf 83' lang='lat' dir='ltr'><em>ree</em></span> <span class='ocrx_word' id='word_1_37' title='bbox 431 579 495 634; x_wconf 83' lang='lat' dir='ltr'><em>eliis</em></span> <span class='ocrx_word' id='word_1_38' title='bbox 512 598 558 649; x_wconf 83' lang='lat' dir='ltr'><em>ee,</em></span> <span class='ocrx_word' id='word_1_39' title='bbox 587 589 712 652; x_wconf 74' lang='lat' dir='ltr'><em>quae-ct</em></span> <span class='ocrx_word' id='word_1_40' title='bbox 736 581 832 651; x_wconf 86' lang='lat' dir='ltr'><em>plures</em></span> <span class='ocrx_word' id='word_1_41' title='bbox 856 583 1036 637; x_wconf 77' lang='lat' dir='ltr'><em>membrum</em></span> 
     </span>
     <span class='ocr_line' id='line_1_8' title="bbox 79 644 1036 719; baseline -0.001 -15"><span class='ocrx_word' id='word_1_42' title='bbox 79 662 109 705; x_wconf 87' lang='lat' dir='ltr'><em>et</em></span> <span class='ocrx_word' id='word_1_43' title='bbox 126 652 264 705; x_wconf 76' lang='lat' dir='ltr'>editiones</span> <span class='ocrx_word' id='word_1_44' title='bbox 281 666 328 703; x_wconf 86' lang='lat' dir='ltr'><em>cre</em></span> <span class='ocrx_word' id='word_1_45' title='bbox 349 668 365 702; x_wconf 92' lang='lat' dir='ltr'><em>o</em></span> <span class='ocrx_word' id='word_1_46' title='bbox 384 666 481 701; x_wconf 83' lang='lat' dir='ltr'><em>omnes</em></span> <span class='ocrx_word' id='word_1_47' title='bbox 500 666 570 703; x_wconf 91' lang='lat' dir='ltr'><em>occu</em></span> <span class='ocrx_word' id='word_1_48' title='bbox 592 652 663 719; x_wconf 81' lang='lat' dir='ltr'><em>evit,</em></span> <span class='ocrx_word' id='word_1_49' title='bbox 693 651 804 701; x_wconf 69' lang='lat' dir='ltr'><em>exitium</em></span> <span class='ocrx_word' id='word_1_50' title='bbox 819 644 926 717; x_wconf 74' lang='lat' dir='ltr'><em>geniis:</em></span> <span class='ocrx_word' id='word_1_51' title='bbox 956 646 1036 719; x_wconf 83' lang='lat' dir='ltr'><em>pree&#39;·</em></span> 
     </span>
     <span class='ocr_line' id='line_1_9' title="bbox 79 670 1037 791; baseline 0.002 -19"><span class='ocrx_word' id='word_1_52' title='bbox 79 730 200 774; x_wconf 78' lang='lat' dir='ltr'><em>cessaret</em></span> <span class='ocrx_word' id='word_1_53' title='bbox 224 719 304 773; x_wconf 86' lang='lat' dir='ltr'><em>enim</em></span> <span class='ocrx_word' id='word_1_54' title='bbox 326 721 402 786; x_wconf 84' lang='lat' dir='ltr'><em>genti</em></span> <span class='ocrx_word' id='word_1_55' title='bbox 424 734 507 770; x_wconf 80' lang='lat' dir='ltr'><em>versu</em></span> <span class='ocrx_word' id='word_1_56' title='bbox 531 670 692 771; x_wconf 70' lang='lat' dir='ltr'><em>undecimo.</em></span> <span class='ocrx_word' id='word_1_57' title='bbox 737 716 840 770; x_wconf 83' lang='lat' dir='ltr'><em>Cicero</em></span> <span class='ocrx_word' id='word_1_58' title='bbox 868 717 905 769; x_wconf 90' lang='lat' dir='ltr'><em>de</em></span> <span class='ocrx_word' id='word_1_59' title='bbox 933 719 1037 791; x_wconf 70' lang='lat' dir='ltr'><em>uturp.</em></span> 
     </span>
     <span class='ocr_line' id='line_1_10' title="bbox 78 786 1036 859; baseline -0.003 -19"><span class='ocrx_word' id='word_1_60' title='bbox 78 790 214 859; x_wconf 69' lang='lat' dir='ltr'><em>herpone.</em></span> <span class='ocrx_word' id='word_1_61' title='bbox 233 802 259 840; x_wconf 83' lang='lat' dir='ltr'><em>&#39;c.</em></span> <span class='ocrx_word' id='word_1_62' title='bbox 280 806 305 853; x_wconf 87' lang='lat'><em>4.</em></span> <span class='ocrx_word' id='word_1_63' title='bbox 342 786 431 854; x_wconf 80' lang='lat' dir='ltr'><em>Scipio</em></span> <span class='ocrx_word' id='word_1_64' title='bbox 454 800 534 838; x_wconf 89' lang='lat' dir='ltr'><em>natus</em></span> <span class='ocrx_word' id='word_1_65' title='bbox 556 786 623 839; x_wconf 92' lang='lat' dir='ltr'><em>mihi</em></span> <span class='ocrx_word' id='word_1_66' title='bbox 645 788 751 838; x_wconf 86' lang='lat' dir='ltr'><em>videtur</em></span> <span class='ocrx_word' id='word_1_67' title='bbox 770 789 805 837; x_wconf 91' lang='lat' dir='ltr'><em>ad</em></span> <span class='ocrx_word' id='word_1_68' title='bbox 823 788 962 840; x_wconf 87' lang='lat' dir='ltr'><em>interitum</em></span> <span class='ocrx_word' id='word_1_69' title='bbox 980 788 1036 837; x_wconf 79' lang='lat' dir='ltr'><em>esi-</em></span> 
     </span>
    </p>

    <p class='ocr_par' dir='ltr' id='par_1_3' title="bbox 44 855 1033 1059">
     <span class='ocr_line' id='line_1_11' title="bbox 44 855 1033 927; baseline 0 -20"><span class='ocrx_word' id='word_1_70' title='bbox 44 874 50 893; x_wconf 64' lang='lat'>*</span> <span class='ocrx_word' id='word_1_71' title='bbox 77 859 194 927; x_wconf 85' lang='lat' dir='ltr'><em>tiumque</em></span> <span class='ocrx_word' id='word_1_72' title='bbox 213 856 395 923; x_wconf 78' lang='lat' dir='ltr'><em>Carthaginis.</em></span> <span class='ocrx_word' id='word_1_73' title='bbox 435 856 541 907; x_wconf 76' lang='lat' dir='ltr'><em>Seneca</em></span> <span class='ocrx_word' id='word_1_74' title='bbox 558 856 699 908; x_wconf 83' lang='lat' dir='ltr'><em>Consolet.</em></span> <span class='ocrx_word' id='word_1_75' title='bbox 726 855 762 907; x_wconf 80' lang='lat' dir='ltr'><em>ed</em></span> <span class='ocrx_word' id='word_1_76' title='bbox 781 855 923 907; x_wconf 82' lang='lat' dir='ltr'><em>Marciam</em></span> <span class='ocrx_word' id='word_1_77' title='bbox 947 870 971 921; x_wconf 80' lang='lat' dir='ltr'><em>c.</em></span> <span class='ocrx_word' id='word_1_78' title='bbox 993 856 1033 925; x_wconf 65' lang='grc' dir='ltr'><em>ιγ’.</em></span> 
     </span>
     <span class='ocr_line' id='line_1_12' title="bbox 78 922 1033 994; baseline -0.001 -18"><span class='ocrx_word' id='word_1_79' title='bbox 78 926 228 994; x_wconf 80' lang='lat' dir='ltr'><em>Dionysius</em></span> <span class='ocrx_word' id='word_1_80' title='bbox 245 926 291 976; x_wconf 91' lang='lat' dir='ltr'><em>ille</em></span> <span class='ocrx_word' id='word_1_81' title='bbox 312 925 468 993; x_wconf 79' lang='lat' dir='ltr'><em>Tyrannus,</em></span> <span class='ocrx_word' id='word_1_82' title='bbox 486 925 786 990; x_wconf 70' lang='lat' dir='ltr'><em>libertatis‚,iustitiae,</em></span> <span class='ocrx_word' id='word_1_83' title='bbox 804 922 896 991; x_wconf 81' lang='lat' dir='ltr'><em>legum</em></span> <span class='ocrx_word' id='word_1_84' title='bbox 913 924 1033 975; x_wconf 74' lang='lat' dir='ltr'><em>exitium.</em></span> 
     </span>
     <span class='ocr_line' id='line_1_13' title="bbox 79 993 779 1059; baseline -0.007 -13"><span class='ocrx_word' id='word_1_85' title='bbox 79 993 162 1046; x_wconf 81' lang='lat' dir='ltr'><em>ovid.</em></span> <span class='ocrx_word' id='word_1_86' title='bbox 184 996 300 1045; x_wconf 79' lang='lat' dir='ltr'><em>Metam.</em></span> <span class='ocrx_word' id='word_1_87' title='bbox 323 993 397 1059; x_wconf 85' lang='lat' dir='ltr'>XIII,</span> <span class='ocrx_word' id='word_1_88' title='bbox 416 1007 474 1059; x_wconf 84' lang='lat'><em>500.</em></span> <span class='ocrx_word' id='word_1_89' title='bbox 556 1010 559 1015; x_wconf 92' lang='lat'>·</span> <span class='ocrx_word' id='word_1_90' title='bbox 711 1008 714 1018; x_wconf 90' lang='grc'><em>·</em></span> <span class='ocrx_word' id='word_1_91' title='bbox 776 1000 779 1007; x_wconf 92' lang='grc'><strong>“</strong></span> 
     </span>
    </p>

    <p class='ocr_par' dir='ltr' id='par_1_4' title="bbox 42 1059 1033 1677">
     <span class='ocr_line' id='line_1_14' title="bbox 146 1059 808 1131; baseline -0.003 -18"><span class='ocrx_word' id='word_1_92' title='bbox 146 1064 266 1113; x_wconf 71' lang='lat' dir='ltr'><em>Exitium</em></span> <span class='ocrx_word' id='word_1_93' title='bbox 286 1060 383 1111; x_wconf 80' lang='lat' dir='ltr'><em>Troiae</em></span> <span class='ocrx_word' id='word_1_94' title='bbox 400 1063 535 1131; x_wconf 75' lang='lat' dir='ltr'><em>nostrique</em></span> <span class='ocrx_word' id='word_1_95' title='bbox 556 1060 664 1112; x_wconf 85' lang='lat' dir='ltr'><em>orbator</em></span> <span class='ocrx_word' id='word_1_96' title='bbox 681 1059 808 1112; x_wconf 84' lang='lat' dir='ltr'><em>Achilles.</em></span> 
     </span>
     <span class='ocr_line' id='line_1_15' title="bbox 76 1129 373 1201; baseline 0.002 -19"><span class='ocrx_word' id='word_1_97' title='bbox 76 1129 204 1201; x_wconf 84' lang='lat' dir='ltr'><em>Sulpicia</em></span> <span class='ocrx_word' id='word_1_98' title='bbox 224 1130 254 1180; x_wconf 89' lang='lat' dir='ltr'><em>in</em></span> <span class='ocrx_word' id='word_1_99' title='bbox 274 1130 373 1181; x_wconf 81' lang='lat' dir='ltr'><em>Seiira.</em></span> 
     </span>
     <span class='ocr_line' id='line_1_16' title="bbox 43 1198 915 1266; baseline 0.001 -18"><span class='ocrx_word' id='word_1_100' title='bbox 43 1207 47 1215; x_wconf 89' lang='lat'>&#39;</span> <span class='ocrx_word' id='word_1_101' title='bbox 145 1200 351 1248; x_wconf 77' lang='lat' dir='ltr'><em>Romulidarum</em></span> <span class='ocrx_word' id='word_1_102' title='bbox 367 1200 451 1263; x_wconf 77' lang='lat' dir='ltr'><em>igitur</em></span> <span class='ocrx_word' id='word_1_103' title='bbox 468 1198 551 1266; x_wconf 82' lang='lat' dir='ltr'><em>longa</em></span> <span class='ocrx_word' id='word_1_104' title='bbox 570 1210 596 1249; x_wconf 86' lang='lat' dir='ltr'><em>et</em></span> <span class='ocrx_word' id='word_1_105' title='bbox 611 1200 706 1265; x_wconf 83' lang='lat' dir='ltr'><em>gravis</em></span> <span class='ocrx_word' id='word_1_106' title='bbox 723 1199 835 1248; x_wconf 73' lang='lat' dir='ltr'><em>exitium</em></span> <span class='ocrx_word' id='word_1_107' title='bbox 852 1214 915 1265; x_wconf 76' lang='lat' dir='ltr'><em>par.</em></span> 
     </span>
     <span class='ocr_line' id='line_1_17' title="bbox 42 1266 809 1334; baseline -0.005 -15"><span class='ocrx_word' id='word_1_108' title='bbox 42 1290 44 1299; x_wconf 92' lang='grc'><strong><em>·</em></strong></span> <span class='ocrx_word' id='word_1_109' title='bbox 76 1266 183 1321; x_wconf 78' lang='lat' dir='ltr'><em>Seneca</em></span> <span class='ocrx_word' id='word_1_110' title='bbox 202 1266 326 1317; x_wconf 87' lang='lat' dir='ltr'><em>Hercule</em></span> <span class='ocrx_word' id='word_1_111' title='bbox 344 1268 409 1317; x_wconf 88' lang='lat' dir='ltr'><em>Fur.</em></span> <span class='ocrx_word' id='word_1_112' title='bbox 431 1270 499 1334; x_wconf 58' lang='lat'><em>3581</em></span> <span class='ocrx_word' id='word_1_113' title='bbox 807 1270 809 1275; x_wconf 87' lang='lat'>&#39;</span> 
     </span>
     <span class='ocr_line' id='line_1_18' title="bbox 147 1328 865 1403; baseline -0.003 -19"><span class='ocrx_word' id='word_1_114' title='bbox 147 1328 283 1403; x_wconf 80' lang='lat' dir='ltr'><em>Quidnam</em></span> <span class='ocrx_word' id='word_1_115' title='bbox 299 1336 357 1399; x_wconf 89' lang='lat' dir='ltr'><em>iste,</em></span> <span class='ocrx_word' id='word_1_116' title='bbox 376 1337 462 1385; x_wconf 83' lang='lat' dir='ltr'><em>nostri</em></span> <span class='ocrx_word' id='word_1_117' title='bbox 478 1335 585 1402; x_wconf 81' lang='lat' dir='ltr'><em>&#39;generis</em></span> <span class='ocrx_word' id='word_1_118' title='bbox 603 1335 713 1402; x_wconf 74' lang='lat' dir='ltr'><em>exitium</em></span> <span class='ocrx_word' id='word_1_119' title='bbox 730 1351 762 1384; x_wconf 88' lang='lat' dir='ltr'><em>ac</em></span> <span class='ocrx_word' id='word_1_120' title='bbox 780 1332 837 1384; x_wconf 85' lang='lat' dir='ltr'><em>lues</em></span> <span class='ocrx_word' id='word_1_121' title='bbox 844 1330 865 1383; x_wconf 55' lang='lat'><em>2¹</em></span> 
     </span>
     <span class='ocr_line' id='line_1_19' title="bbox 75 1402 609 1471; baseline -0.009 -14"><span class='ocrx_word' id='word_1_122' title='bbox 75 1402 113 1457; x_wconf 77' lang='lat' dir='ltr'><em>Et</em></span> <span class='ocrx_word' id='word_1_123' title='bbox 129 1404 231 1468; x_wconf 83' lang='lat' dir='ltr'><em>Treed.</em></span> <span class='ocrx_word' id='word_1_124' title='bbox 252 1412 304 1471; x_wconf 77' lang='lat'><em>839</em></span> <span class='ocrx_word' id='word_1_125' title='bbox 520 1404 524 1448; x_wconf 78' lang='grc' dir='ltr'><strong><em>ἶ</em></strong></span> <span class='ocrx_word' id='word_1_126' title='bbox 600 1464 609 1471; x_wconf 91' lang='lat'><em>..</em></span> 
     </span>
     <span class='ocr_line' id='line_1_20' title="bbox 145 1470 788 1540; baseline -0.002 -19"><span class='ocrx_word' id='word_1_127' title='bbox 145 1471 220 1539; x_wconf 82' lang='lat' dir='ltr'><em>Quos</em></span> <span class='ocrx_word' id='word_1_128' title='bbox 239 1471 344 1521; x_wconf 88' lang='lat' dir='ltr'><em>Helena</em></span> <span class='ocrx_word' id='word_1_129' title='bbox 359 1470 461 1537; x_wconf 87' lang='lat' dir='ltr'><em>suadet,</em></span> <span class='ocrx_word' id='word_1_130' title='bbox 480 1472 570 1540; x_wconf 84' lang='lat' dir='ltr'><em>pestis,</em></span> <span class='ocrx_word' id='word_1_131' title='bbox 589 1473 708 1536; x_wconf 78' lang='lat' dir='ltr'><em>exitium,</em></span> <span class='ocrx_word' id='word_1_132' title='bbox 729 1470 788 1521; x_wconf 84' lang='lat' dir='ltr'><em>lues</em></span> 
     </span>
     <span class='ocr_line' id='line_1_21' title="bbox 149 1541 678 1609; baseline -0.006 -18"><span class='ocrx_word' id='word_1_133' title='bbox 149 1541 291 1607; x_wconf 80' lang='lat' dir='ltr'><em>Utriusque</em></span> <span class='ocrx_word' id='word_1_134' title='bbox 309 1541 408 1609; x_wconf 81' lang='lat' dir='ltr'><em>populi.</em></span> <span class='ocrx_word' id='word_1_135' title='bbox 617 1566 620 1573; x_wconf 95' lang='lat'>·</span> <span class='ocrx_word' id='word_1_136' title='bbox 676 1560 678 1567; x_wconf 94' lang='lat'>·</span> 
     </span>
     <span class='ocr_line' id='line_1_22' title="bbox 111 1605 1033 1677; baseline 0 -19"><span class='ocrx_word' id='word_1_137' title='bbox 111 1628 151 1677; x_wconf 74' lang='lat'><em>¹4·</em></span> <span class='ocrx_word' id='word_1_138' title='bbox 184 1608 334 1677; x_wconf 84' lang='lat' dir='ltr'><em>Teucerque</em></span> <span class='ocrx_word' id='word_1_139' title='bbox 360 1621 385 1659; x_wconf 88' lang='lat' dir='ltr'><em>et</em></span> <span class='ocrx_word' id='word_1_140' title='bbox 412 1607 561 1675; x_wconf 76' lang='lat' dir='ltr'><em>Sthenelus]</em></span> <span class='ocrx_word' id='word_1_141' title='bbox 605 1606 792 1660; x_wconf 83' lang='lat' dir='ltr'><em>Vetustissimi</em></span> <span class='ocrx_word' id='word_1_142' title='bbox 816 1606 928 1677; x_wconf 68' lang='lat' dir='ltr'><em>auique</em></span> <span class='ocrx_word' id='word_1_143' title='bbox 953 1605 1033 1677; x_wconf 83' lang='lat' dir='ltr'><em>libri,</em></span> 
     </span>
    </p>

    <p class='ocr_par' dir='ltr' id='par_1_5' title="bbox 50 1670 1051 2348">
     <span class='ocr_line' id='line_1_23' title="bbox 50 1670 1034 1746; baseline -0.002 -17"><span class='ocrx_word' id='word_1_144' title='bbox 50 1670 54 1679; x_wconf 86' lang='grc'><strong>’</strong></span> <span class='ocrx_word' id='word_1_145' title='bbox 78 1677 222 1729; x_wconf 71' lang='lat' dir='ltr'><em>Teucera</em></span> <span class='ocrx_word' id='word_1_146' title='bbox 241 1672 388 1741; x_wconf 77' lang='lat' dir='ltr'><em>Sthenelus,</em></span> <span class='ocrx_word' id='word_1_147' title='bbox 407 1685 435 1728; x_wconf 86' lang='lat' dir='ltr'><em>et</em></span> <span class='ocrx_word' id='word_1_148' title='bbox 451 1675 492 1729; x_wconf 89' lang='lat' dir='ltr'><em>sic</em></span> <span class='ocrx_word' id='word_1_149' title='bbox 505 1674 653 1730; x_wconf 86' lang='lat' dir='ltr'><em>Editiones</em></span> <span class='ocrx_word' id='word_1_150' title='bbox 670 1677 918 1746; x_wconf 73' lang='lat' dir='ltr'><em>priscee‚›Veneta</em></span> <span class='ocrx_word' id='word_1_151' title='bbox 937 1685 965 1726; x_wconf 83' lang='lat' dir='ltr'><em>et</em></span> <span class='ocrx_word' id='word_1_152' title='bbox 978 1676 1034 1728; x_wconf 89' lang='lat' dir='ltr'><em>Lo·</em></span> 
     </span>
     <span class='ocr_line' id='line_1_24' title="bbox 75 1744 1037 1813; baseline -0.003 -13"><span class='ocrx_word' id='word_1_153' title='bbox 75 1747 178 1800; x_wconf 84' lang='lat' dir='ltr'><em>scheri.</em></span> <span class='ocrx_word' id='word_1_154' title='bbox 216 1746 274 1798; x_wconf 78' lang='lat' dir='ltr'><em>Alii</em></span> <span class='ocrx_word' id='word_1_155' title='bbox 292 1745 420 1812; x_wconf 85' lang='lat' dir='ltr'><em>codices,</em></span> <span class='ocrx_word' id='word_1_156' title='bbox 446 1746 547 1796; x_wconf 89' lang='lat' dir='ltr'><em>Teucer</em></span> <span class='ocrx_word' id='word_1_157' title='bbox 565 1759 591 1796; x_wconf 85' lang='lat' dir='ltr'><em>te</em></span> <span class='ocrx_word' id='word_1_158' title='bbox 611 1744 770 1803; x_wconf 85' lang='lat' dir='ltr'><em>Sthenelus,·</em></span> <span class='ocrx_word' id='word_1_159' title='bbox 788 1744 863 1812; x_wconf 87' lang='lat' dir='ltr'><em>quod</em></span> <span class='ocrx_word' id='word_1_160' title='bbox 882 1744 1037 1813; x_wconf 79' lang='lat' dir='ltr'><em>amplexae·</em></span> 
     </span>
     <span class='ocr_line' id='line_1_25' title="bbox 74 1813 1035 1931; baseline -0.002 -63"><span class='ocrx_word' id='word_1_161' title='bbox 74 1824 141 1868; x_wconf 85' lang='lat' dir='ltr'><em>sunt</em></span> <span class='ocrx_word' id='word_1_162' title='bbox 158 1823 222 1885; x_wconf 85' lang='lat' dir='ltr'><em>post</em></span> <span class='ocrx_word' id='word_1_163' title='bbox 238 1815 411 1867; x_wconf 78' lang='lat' dir='ltr'><em>Lambinuru</em></span> <span class='ocrx_word' id='word_1_164' title='bbox 428 1814 565 1866; x_wconf 80' lang='lat' dir='ltr'><em>editiones</em></span> <span class='ocrx_word' id='word_1_165' title='bbox 585 1813 746 1931; x_wconf 67' lang='lat' dir='ltr'><em>pleraeque.</em></span> <span class='ocrx_word' id='word_1_166' title='bbox 784 1813 862 1863; x_wconf 89' lang='lat' dir='ltr'><em>Unus</em></span> <span class='ocrx_word' id='word_1_167' title='bbox 885 1814 973 1865; x_wconf 91' lang='lat' dir='ltr'><em>modo</em></span> <span class='ocrx_word' id='word_1_168' title='bbox 1000 1830 1035 1866; x_wconf 80' lang='lat' dir='ltr'><em>ex</em></span> 
     </span>
     <span class='ocr_line' id='line_1_26' title="bbox 75 1880 1034 1952; baseline -0.003 -14"><span class='ocrx_word' id='word_1_169' title='bbox 75 1885 146 1938; x_wconf 82' lang='lat' dir='ltr'><em>meis</em></span> <span class='ocrx_word' id='word_1_170' title='bbox 163 1887 243 1952; x_wconf 86' lang='lat' dir='ltr'><em>isque</em></span> <span class='ocrx_word' id='word_1_171' title='bbox 264 1885 394 1936; x_wconf 89' lang='lat' dir='ltr'><em>omnium</em></span> <span class='ocrx_word' id='word_1_172' title='bbox 418 1881 641 1948; x_wconf 80' lang='lat' dir='ltr'><em>recentissimus,</em></span> <span class='ocrx_word' id='word_1_173' title='bbox 706 1897 831 1947; x_wconf 84' lang='lat' dir='ltr'><em>eucerque</em></span> <span class='ocrx_word' id='word_1_174' title='bbox 851 1894 876 1931; x_wconf 88' lang='lat' dir='ltr'><em>et</em></span> <span class='ocrx_word' id='word_1_175' title='bbox 895 1880 951 1932; x_wconf 87' lang='lat' dir='ltr'><em>Sth.</em></span> <span class='ocrx_word' id='word_1_176' title='bbox 976 1882 1034 1935; x_wconf 78' lang='lat' dir='ltr'><em>uiri</em></span> 
     </span>
     <span class='ocr_line' id='line_1_27' title="bbox 75 1948 1032 2023; baseline -0.003 -19"><span class='ocrx_word' id='word_1_177' title='bbox 75 1951 202 2023; x_wconf 85' lang='lat' dir='ltr'><em>quadiu</em></span> <span class='ocrx_word' id='word_1_178' title='bbox 221 1952 377 2019; x_wconf 85' lang='lat' dir='ltr'><em>Regineusi</em></span> <span class='ocrx_word' id='word_1_179' title='bbox 403 1967 437 2000; x_wconf 81' lang='lat' dir='ltr'><em>ex</em></span> <span class='ocrx_word' id='word_1_180' title='bbox 455 1948 538 2017; x_wconf 84' lang='lat' dir='ltr'><em>spatii</em></span> <span class='ocrx_word' id='word_1_181' title='bbox 556 1950 755 2019; x_wconf 74' lang='lat' dir='ltr'><em>magnitudine</em></span> <span class='ocrx_word' id='word_1_182' title='bbox 774 1949 850 1999; x_wconf 87' lang='lat' dir='ltr'><em>inte&#39;r</em></span> <span class='ocrx_word' id='word_1_183' title='bbox 877 1949 980 2000; x_wconf 85' lang='lat' dir='ltr'><em>Teucer</em></span> <span class='ocrx_word' id='word_1_184' title='bbox 998 1964 1032 2017; x_wconf 86' lang='lat' dir='ltr'><em>et,</em></span> 
     </span>
     <span class='ocr_line' id='line_1_28' title="bbox 75 2017 1034 2100; baseline -0.001 -26"><span class='ocrx_word' id='word_1_185' title='bbox 75 2019 199 2100; x_wconf 86' lang='lat' dir='ltr'><em>suspicio</em></span> <span class='ocrx_word' id='word_1_186' title='bbox 225 2028 266 2069; x_wconf 83' lang='lat' dir='ltr'><em>eet</em></span> <span class='ocrx_word' id='word_1_187' title='bbox 290 2038 338 2087; x_wconf 87' lang='lat' dir='ltr'><em>que</em></span> <span class='ocrx_word' id='word_1_188' title='bbox 362 2035 419 2069; x_wconf 83' lang='lat' dir='ltr'><em>esse</em></span> <span class='ocrx_word' id='word_1_189' title='bbox 446 2034 566 2069; x_wconf 79' lang='lat' dir='ltr'><em>erasum.</em></span> <span class='ocrx_word' id='word_1_190' title='bbox 606 2019 692 2088; x_wconf 85' lang='lat' dir='ltr'><em>Atqui</em></span> <span class='ocrx_word' id='word_1_191' title='bbox 709 2017 885 2070; x_wconf 68' lang='lat' dir='ltr'><em>‘Torrentius</em></span> <span class='ocrx_word' id='word_1_192' title='bbox 910 2020 1034 2073; x_wconf 79' lang='lat' dir='ltr'><em>affirmat</em></span> 
     </span>
     <span class='ocr_line' id='line_1_29' title="bbox 74 2084 1037 2156; baseline 0 -16"><span class='ocrx_word' id='word_1_193' title='bbox 74 2106 104 2140; x_wconf 80' lang='lat' dir='ltr'><em>se</em></span> <span class='ocrx_word' id='word_1_194' title='bbox 122 2106 155 2139; x_wconf 88' lang='grc' dir='ltr'><em>ιιι</em></span> <span class='ocrx_word' id='word_1_195' title='bbox 174 2086 306 2139; x_wconf 86' lang='lat' dir='ltr'><em>omuibus</em></span> <span class='ocrx_word' id='word_1_196' title='bbox 323 2086 379 2138; x_wconf 84' lang='lat' dir='ltr'><em>suis</em></span> <span class='ocrx_word' id='word_1_197' title='bbox 397 2085 537 2138; x_wconf 85' lang='lat' dir='ltr'><em>iuvenisse</em></span> <span class='ocrx_word' id='word_1_198' title='bbox 558 2086 714 2156; x_wconf 77' lang='lat' dir='ltr'><em>Teucerque.</em></span> <span class='ocrx_word' id='word_1_199' title='bbox 725 2099 757 2136; x_wconf 86' lang='lat' dir='ltr'><em>et.</em></span> <span class='ocrx_word' id='word_1_200' title='bbox 794 2084 847 2136; x_wconf 88' lang='lat' dir='ltr'><em>Sed</em></span> <span class='ocrx_word' id='word_1_201' title='bbox 866 2086 964 2139; x_wconf 79' lang='lat' dir='ltr'><em>nullut</em></span> <span class='ocrx_word' id='word_1_202' title='bbox 981 2089 1037 2140; x_wconf 74' lang='lat' dir='ltr'><em>du⁴</em></span> 
     </span>
     <span class='ocr_line' id='line_1_30' title="bbox 73 2152 1033 2225; baseline 0.001 -17"><span class='ocrx_word' id='word_1_203' title='bbox 73 2154 150 2222; x_wconf 77' lang='lat' dir='ltr'><em>bito,</em></span> <span class='ocrx_word' id='word_1_204' title='bbox 181 2155 250 2224; x_wconf 86' lang='lat' dir='ltr'><em>quin</em></span> <span class='ocrx_word' id='word_1_205' title='bbox 270 2154 455 2225; x_wconf 83' lang='lat' dir='ltr'><em>Typogrephi</em></span> <span class='ocrx_word' id='word_1_206' title='bbox 472 2153 556 2223; x_wconf 83' lang='lat' dir='ltr'><em>culpa</em></span> <span class='ocrx_word' id='word_1_207' title='bbox 575 2155 629 2224; x_wconf 75' lang='lat' dir='ltr'><em>sit,</em></span> <span class='ocrx_word' id='word_1_208' title='bbox 655 2164 740 2225; x_wconf 78' lang='lat' dir='ltr'><em>etque</em></span> <span class='ocrx_word' id='word_1_209' title='bbox 763 2152 805 2205; x_wconf 89' lang='lat' dir='ltr'><em>ibi</em></span> <span class='ocrx_word' id='word_1_210' title='bbox 827 2155 929 2205; x_wconf 86' lang='lat' dir='ltr'><em>Teucer</em></span> <span class='ocrx_word' id='word_1_211' title='bbox 946 2169 970 2206; x_wconf 90' lang='lat' dir='ltr'><em>et</em></span> <span class='ocrx_word' id='word_1_212' title='bbox 995 2156 1033 2209; x_wconf 83' lang='lat' dir='ltr'><em>sit</em></span> 
     </span>
     <span class='ocr_line' id='line_1_31' title="bbox 74 2222 1051 2343; baseline 0 -65"><span class='ocrx_word' id='word_1_213' title='bbox 74 2223 279 2343; x_wconf 73' lang='lat' dir='ltr'><em>repopeuduru.</em></span> <span class='ocrx_word' id='word_1_214' title='bbox 323 2225 482 2293; x_wconf 83' lang='lat' dir='ltr'><em>Utcumque</em></span> <span class='ocrx_word' id='word_1_215' title='bbox 500 2224 603 2292; x_wconf 83' lang='lat' dir='ltr'><em>fuerit,</em></span> <span class='ocrx_word' id='word_1_216' title='bbox 636 2241 669 2278; x_wconf 79' lang='lat' dir='ltr'><em>ee</em></span> <span class='ocrx_word' id='word_1_217' title='bbox 691 2222 934 2294; x_wconf 75' lang='lat' dir='ltr'><em>probabilissime</em></span> <span class='ocrx_word' id='word_1_218' title='bbox 953 2225 1051 2289; x_wconf 43' lang='lat' dir='ltr'><em>viden</em></span> 
     </span>
     <span class='ocr_line' id='line_1_32' title="bbox 75 2291 228 2348; baseline -0.026 -2"><span class='ocrx_word' id='word_1_219' title='bbox 75 2303 123 2348; x_wconf 82' lang='lat' dir='ltr'><em>tur</em></span> <span class='ocrx_word' id='word_1_220' title='bbox 154 2291 228 2343; x_wconf 87' lang='lat' dir='ltr'><em>ectio</em></span> 
     </span>
    </p>

    <p class='ocr_par' dir='ltr' id='par_1_6' title="bbox 148 2332 704 2428">
     <span class='ocr_line' id='line_1_33' title="bbox 148 2332 704 2428; baseline 0.002 -16"><span class='ocrx_word' id='word_1_221' title='bbox 148 2332 250 2426; x_wconf 73' lang='lat' dir='ltr'><em>Urgerit</em></span> <span class='ocrx_word' id='word_1_222' title='bbox 266 2361 388 2428; x_wconf 86' lang='lat' dir='ltr'><em>inpavidi</em></span> <span class='ocrx_word' id='word_1_223' title='bbox 405 2374 430 2411; x_wconf 90' lang='lat' dir='ltr'><em>te</em></span> <span class='ocrx_word' id='word_1_224' title='bbox 450 2360 613 2413; x_wconf 85' lang='lat' dir='ltr'><em>Salaminius</em></span> <span class='ocrx_word' id='word_1_225' title='bbox 702 2372 704 2376; x_wconf 88' lang='lat'>&#39;</span> 
     </span>
    </p>

    <p class='ocr_par' dir='ltr' id='par_1_7' title="bbox 176 2429 533 2497">
     <span class='ocr_line' id='line_1_34' title="bbox 176 2429 533 2497; baseline 0.003 -18"><span class='ocrx_word' id='word_1_226' title='bbox 176 2429 327 2497; x_wconf 86' lang='lat' dir='ltr'><em>Teucerque</em></span> <span class='ocrx_word' id='word_1_227' title='bbox 344 2443 369 2479; x_wconf 87' lang='lat' dir='ltr'><em>et</em></span> <span class='ocrx_word' id='word_1_228' title='bbox 387 2430 533 2481; x_wconf 78' lang='lat' dir='ltr'><em>Sthenelus.</em></span> 
     </span>
    </p>

    <p class='ocr_par' dir='ltr' id='par_1_8' title="bbox 74 2496 1032 2779">
     <span class='ocr_line' id='line_1_35' title="bbox 76 2496 1031 2570; baseline 0.002 -19"><span class='ocrx_word' id='word_1_229' title='bbox 76 2500 190 2570; x_wconf 86' lang='lat' dir='ltr'><em>Quippe</em></span> <span class='ocrx_word' id='word_1_230' title='bbox 214 2498 238 2550; x_wconf 87' lang='lat' dir='ltr'><em>si</em></span> <span class='ocrx_word' id='word_1_231' title='bbox 257 2498 370 2550; x_wconf 82' lang='lat' dir='ltr'><em>dixisset</em></span> <span class='ocrx_word' id='word_1_232' title='bbox 396 2499 433 2548; x_wconf 92' lang='lat' dir='ltr'><em>Te</em></span> <span class='ocrx_word' id='word_1_233' title='bbox 458 2497 610 2562; x_wconf 84' lang='lat' dir='ltr'><em>Sthenelus,</em></span> <span class='ocrx_word' id='word_1_234' title='bbox 637 2513 698 2549; x_wconf 83' lang='lat' dir='ltr'><em>nou</em></span> <span class='ocrx_word' id='word_1_235' title='bbox 722 2496 821 2567; x_wconf 85' lang='lat' dir='ltr'><em>utique</em></span> <span class='ocrx_word' id='word_1_236' title='bbox 845 2496 954 2565; x_wconf 78' lang='lat' dir='ltr'><em>plurali</em></span> <span class='ocrx_word' id='word_1_237' title='bbox 978 2516 1031 2553; x_wconf 80' lang='lat' dir='ltr'><em>nu·</em></span> 
     </span>
     <span class='ocr_line' id='line_1_36' title="bbox 74 2566 1032 2637; baseline -0.001 -16"><span class='ocrx_word' id='word_1_238' title='bbox 74 2585 155 2621; x_wconf 88' lang='lat' dir='ltr'><em>mero</em></span> <span class='ocrx_word' id='word_1_239' title='bbox 185 2566 362 2637; x_wconf 77' lang='lat' dir='ltr'><em>protulisset,</em></span> <span class='ocrx_word' id='word_1_240' title='bbox 401 2568 503 2633; x_wconf 78' lang='lat' dir='ltr'><em>Urgent</em></span> <span class='ocrx_word' id='word_1_241' title='bbox 532 2566 669 2633; x_wconf 86' lang='lat' dir='ltr'><em>impavidi.</em></span> <span class='ocrx_word' id='word_1_242' title='bbox 716 2570 798 2617; x_wconf 78' lang='lat' dir='ltr'><em>Amat</em></span> <span class='ocrx_word' id='word_1_243' title='bbox 826 2570 905 2617; x_wconf 88' lang='lat' dir='ltr'><em>euim</em></span> <span class='ocrx_word' id='word_1_244' title='bbox 929 2570 1032 2620; x_wconf 81' lang='lat' dir='ltr'><em>Noster</em></span> 
     </span>
     <span class='ocr_line' id='line_1_37' title="bbox 74 2632 1030 2707; baseline 0.002 -19"><span class='ocrx_word' id='word_1_245' title='bbox 74 2636 162 2688; x_wconf 82' lang='lat' dir='ltr'><em>etiem</em></span> <span class='ocrx_word' id='word_1_246' title='bbox 178 2643 242 2707; x_wconf 86' lang='lat' dir='ltr'><em>post</em></span> <span class='ocrx_word' id='word_1_247' title='bbox 283 2635 359 2686; x_wconf 87' lang='lat' dir='ltr'><em>lures</em></span> <span class='ocrx_word' id='word_1_248' title='bbox 382 2632 573 2687; x_wconf 78' lang='lat' dir='ltr'><em>nominativos</em></span> <span class='ocrx_word' id='word_1_249' title='bbox 589 2635 712 2686; x_wconf 86' lang='lat' dir='ltr'><em>Verbum</em></span> <span class='ocrx_word' id='word_1_250' title='bbox 737 2634 882 2702; x_wconf 84' lang='lat' dir='ltr'><em>singulare</em></span> <span class='ocrx_word' id='word_1_251' title='bbox 905 2654 1030 2705; x_wconf 63' lang='lat' dir='ltr'><em>ponem</em></span> 
     </span>
     <span class='ocr_line' id='line_1_38' title="bbox 74 2654 860 2779; baseline -0.004 -22"><span class='ocrx_word' id='word_1_252' title='bbox 74 2713 107 2779; x_wconf 60' lang='lat' dir='ltr'><em>”l</em></span> <span class='ocrx_word' id='word_1_253' title='bbox 124 2704 247 2757; x_wconf 80' lang='lat' dir='ltr'><em>Carmin-</em></span> <span class='ocrx_word' id='word_1_254' title='bbox 264 2654 312 2770; x_wconf 77' lang='lat' dir='ltr'><em>lv,</em></span> <span class='ocrx_word' id='word_1_255' title='bbox 335 2715 375 2769; x_wconf 85' lang='lat'><em>14.</em></span> <span class='ocrx_word' id='word_1_256' title='bbox 394 2704 469 2775; x_wconf 87' lang='lat' dir='ltr'><em>quod</em></span> <span class='ocrx_word' id='word_1_257' title='bbox 490 2702 619 2772; x_wconf 81' lang='lat' dir='ltr'><em>apprime</em></span> <span class='ocrx_word' id='word_1_258' title='bbox 637 2702 694 2754; x_wconf 86' lang='lat' dir='ltr'><em>huc</em></span> <span class='ocrx_word' id='word_1_259' title='bbox 711 2702 860 2770; x_wconf 81' lang='lat' dir='ltr'><em>conreuit;</em></span> 
     </span>
    </p>

    <p class='ocr_par' dir='ltr' id='par_1_9' title="bbox 147 2771 645 2824">
     <span class='ocr_line' id='line_1_39' title="bbox 147 2771 645 2824; baseline -0.006 0"><span class='ocrx_word' id='word_1_260' title='bbox 147 2773 184 2824; x_wconf 87' lang='lat' dir='ltr'><em>Te</em></span> <span class='ocrx_word' id='word_1_261' title='bbox 202 2772 336 2823; x_wconf 81' lang='lat' dir='ltr'><em>Cantaber</em></span> <span class='ocrx_word' id='word_1_262' title='bbox 345 2790 407 2822; x_wconf 78' lang='lat' dir='ltr'><em>mon</em></span> <span class='ocrx_word' id='word_1_263' title='bbox 425 2786 486 2823; x_wconf 89' lang='lat' dir='ltr'><em>ante</em></span> <span class='ocrx_word' id='word_1_264' title='bbox 504 2771 645 2823; x_wconf 85' lang='lat' dir='ltr'><em>domabilis</em></span> 
     </span>
    </p>

    <p class='ocr_par' dir='ltr' id='par_1_10' title="bbox 142 2837 759 2909">
     <span class='ocr_line' id='line_1_40' title="bbox 142 2837 759 2909; baseline -0.006 -15"><span class='ocrx_word' id='word_1_265' title='bbox 142 2840 288 2908; x_wconf 85' lang='lat' dir='ltr'><em>Medusque</em></span> <span class='ocrx_word' id='word_1_266' title='bbox 307 2852 332 2890; x_wconf 90' lang='lat' dir='ltr'><em>et</em></span> <span class='ocrx_word' id='word_1_267' title='bbox 349 2841 442 2906; x_wconf 87' lang='lat' dir='ltr'><em>ludus,</em></span> <span class='ocrx_word' id='word_1_268' title='bbox 461 2854 486 2892; x_wconf 86' lang='lat' dir='ltr'><em>te</em></span> <span class='ocrx_word' id='word_1_269' title='bbox 501 2840 632 2909; x_wconf 79' lang='lat' dir='ltr'><em>profugus</em></span> <span class='ocrx_word' id='word_1_270' title='bbox 649 2837 759 2907; x_wconf 85' lang='lat' dir='ltr'><em>Scythes</em></span> 
     </span>
    </p>

    <p class='ocr_par' dir='ltr' id='par_1_11' title="bbox 142 2910 504 2961">
     <span class='ocr_line' id='line_1_41' title="bbox 142 2910 504 2961; baseline -0.006 -1"><span class='ocrx_word' id='word_1_271' title='bbox 142 2910 276 2961; x_wconf 84' lang='lat' dir='ltr'><em>Miretur.</em></span> <span class='ocrx_word' id='word_1_272' title='bbox 500 2926 504 2932; x_wconf 94' lang='lat'>·</span> 
     </span>
    </p>

    <p class='ocr_par' dir='ltr' id='par_1_12' title="bbox 18 2974 1031 3252">
     <span class='ocr_line' id='line_1_42' title="bbox 18 2974 1031 3050; baseline -0.002 -17"><span class='ocrx_word' id='word_1_273' title='bbox 18 2987 21 2993; x_wconf 92' lang='lat'>&#39;</span> <span class='ocrx_word' id='word_1_274' title='bbox 74 2979 146 3033; x_wconf 85' lang='lat' dir='ltr'><em>Vide</em></span> <span class='ocrx_word' id='word_1_275' title='bbox 165 2976 267 3030; x_wconf 77' lang='lat' dir='ltr'><em>noted</em></span> <span class='ocrx_word' id='word_1_276' title='bbox 285 2974 378 3029; x_wconf 75' lang='lat' dir='ltr'><em>Germ.</em></span> <span class='ocrx_word' id='word_1_277' title='bbox 398 2976 421 3041; x_wconf 87' lang='lat'><em>1,</em></span> <span class='ocrx_word' id='word_1_278' title='bbox 442 2991 482 3045; x_wconf 73' lang='lat'><em>24.</em></span> <span class='ocrx_word' id='word_1_279' title='bbox 504 2991 574 3028; x_wconf 85' lang='lat' dir='ltr'><em>vers.</em></span> <span class='ocrx_word' id='word_1_280' title='bbox 596 2986 621 3038; x_wconf 80' lang='lat'><em>8.</em></span> <span class='ocrx_word' id='word_1_281' title='bbox 657 2976 746 3028; x_wconf 82' lang='lat' dir='ltr'><em>Recte</em></span> <span class='ocrx_word' id='word_1_282' title='bbox 765 2976 855 3047; x_wconf 83' lang='lat' dir='ltr'><em>igitur</em></span> <span class='ocrx_word' id='word_1_283' title='bbox 877 2979 1031 3050; x_wconf 84' lang='lat' dir='ltr'><em>Teucerque</em></span> 
     </span>
     <span class='ocr_line' id='line_1_43' title="bbox 74 3044 1028 3118; baseline -0.002 -18"><span class='ocrx_word' id='word_1_284' title='bbox 74 3062 100 3099; x_wconf 86' lang='lat' dir='ltr'><em>et</em></span> <span class='ocrx_word' id='word_1_285' title='bbox 120 3046 275 3106; x_wconf 78' lang='lat' dir='ltr'><em>Sthenelus3</em></span> <span class='ocrx_word' id='word_1_286' title='bbox 306 3055 338 3096; x_wconf 90' lang='lat' dir='ltr'><em>ut</em></span> <span class='ocrx_word' id='word_1_287' title='bbox 362 3054 480 3115; x_wconf 86' lang='lat' dir='ltr'><em>uterque</em></span> <span class='ocrx_word' id='word_1_288' title='bbox 500 3044 586 3095; x_wconf 81' lang='lat' dir='ltr'><em>simul</em></span> <span class='ocrx_word' id='word_1_289' title='bbox 605 3060 672 3095; x_wconf 86' lang='lat' dir='ltr'><em>eum</em></span> <span class='ocrx_word' id='word_1_290' title='bbox 689 3062 791 3116; x_wconf 78' lang='lat' dir='ltr'><em>urgere</em></span> <span class='ocrx_word' id='word_1_291' title='bbox 810 3046 1028 3118; x_wconf 74' lang='lat' dir='ltr'><em>intelligantur3</em></span> 
     </span>
     <span class='ocr_line' id='line_1_44' title="bbox 73 3113 1030 3188; baseline -0.001 -20"><span class='ocrx_word' id='word_1_292' title='bbox 73 3127 157 3188; x_wconf 83' lang='lat' dir='ltr'><em>etque</em></span> <span class='ocrx_word' id='word_1_293' title='bbox 175 3115 239 3169; x_wconf 89' lang='lat' dir='ltr'><em>ideo</em></span> <span class='ocrx_word' id='word_1_294' title='bbox 259 3114 290 3167; x_wconf 87' lang='lat' dir='ltr'><em>in</em></span> <span class='ocrx_word' id='word_1_295' title='bbox 310 3113 417 3183; x_wconf 81' lang='lat' dir='ltr'><em>plurali</em></span> <span class='ocrx_word' id='word_1_296' title='bbox 436 3113 571 3165; x_wconf 76' lang='lat' dir='ltr'><em>efferatur</em></span> <span class='ocrx_word' id='word_1_297' title='bbox 587 3113 705 3175; x_wconf 81' lang='lat' dir='ltr'><em>verbum</em></span> <span class='ocrx_word' id='word_1_298' title='bbox 725 3116 835 3182; x_wconf 81' lang='lat' dir='ltr'><em>Urgent.</em></span> <span class='ocrx_word' id='word_1_299' title='bbox 870 3116 902 3169; x_wconf 93' lang='lat' dir='ltr'><em>Id</em></span> <span class='ocrx_word' id='word_1_300' title='bbox 916 3132 1030 3188; x_wconf 85' lang='lat' dir='ltr'><em>quoque</em></span> 
     </span>
     <span class='ocr_line' id='line_1_45' title="bbox 73 3181 1029 3252; baseline -0.004 -13"><span class='ocrx_word' id='word_1_301' title='bbox 73 3183 218 3239; x_wconf 79' lang='lat' dir='ltr'><em>observavi</em></span> <span class='ocrx_word' id='word_1_302' title='bbox 236 3184 268 3234; x_wconf 89' lang='lat' dir='ltr'><em>in</em></span> <span class='ocrx_word' id='word_1_303' title='bbox 286 3182 431 3237; x_wconf 82' lang='lat' dir='ltr'><em>codicibus</em></span> <span class='ocrx_word' id='word_1_304' title='bbox 447 3181 576 3250; x_wconf 85' lang='lat' dir='ltr'><em>scriptis,</em></span> <span class='ocrx_word' id='word_1_305' title='bbox 606 3181 657 3232; x_wconf 91' lang='lat' dir='ltr'><em>ubi</em></span> <span class='ocrx_word' id='word_1_306' title='bbox 674 3182 792 3252; x_wconf 84' lang='lat' dir='ltr'><em>duplex,</em></span> <span class='ocrx_word' id='word_1_307' title='bbox 820 3193 853 3235; x_wconf 85' lang='lat' dir='ltr'><em>ut</em></span> <span class='ocrx_word' id='word_1_308' title='bbox 868 3186 932 3250; x_wconf 87' lang='lat' dir='ltr'><em>hic,</em></span> <span class='ocrx_word' id='word_1_309' title='bbox 960 3202 1029 3237; x_wconf 88' lang='lat' dir='ltr'><em>con·</em></span> 
     </span>
    </p>

    <p class='ocr_par' dir='ltr' id='par_1_13' title="bbox 29 3250 1031 3461">
     <span class='ocr_line' id='line_1_46' title="bbox 29 3250 1031 3320; baseline -0.004 -13"><span class='ocrx_word' id='word_1_310' title='bbox 29 3260 32 3267; x_wconf 88' lang='grc'><strong>“</strong></span> <span class='ocrx_word' id='word_1_311' title='bbox 71 3253 182 3311; x_wconf 86' lang='lat' dir='ltr'><em>iunctio</em></span> <span class='ocrx_word' id='word_1_312' title='bbox 212 3260 268 3319; x_wconf 85' lang='lat' dir='ltr'><em>eet,</em></span> <span class='ocrx_word' id='word_1_313' title='bbox 305 3250 424 3305; x_wconf 76' lang='lat' dir='ltr'><em>alterum</em></span> <span class='ocrx_word' id='word_1_314' title='bbox 472 3251 620 3319; x_wconf 84' lang='lat' dir='ltr'><em>lerumque</em></span> <span class='ocrx_word' id='word_1_315' title='bbox 646 3268 663 3301; x_wconf 84' lang='lat' dir='ltr'><em>u</em></span> <span class='ocrx_word' id='word_1_316' title='bbox 690 3251 829 3306; x_wconf 79' lang='lat' dir='ltr'><em>Librariis</em></span> <span class='ocrx_word' id='word_1_317' title='bbox 855 3254 967 3320; x_wconf 86' lang='lat' dir='ltr'><em>omitti,</em></span> <span class='ocrx_word' id='word_1_318' title='bbox 1004 3251 1031 3303; x_wconf 84' lang='lat' dir='ltr'><em>si</em></span> 
     </span>
     <span class='ocr_line' id='line_1_47' title="bbox 71 3269 1029 3385; baseline -0.005 -9"><span class='ocrx_word' id='word_1_319' title='bbox 71 3321 154 3376; x_wconf 84' lang='lat' dir='ltr'><em>modo</em></span> <span class='ocrx_word' id='word_1_320' title='bbox 172 3338 267 3374; x_wconf 86' lang='lat' dir='ltr'><em>versus</em></span> <span class='ocrx_word' id='word_1_321' title='bbox 284 3335 416 3371; x_wconf 85' lang='lat' dir='ltr'><em>mensura</em></span> <span class='ocrx_word' id='word_1_322' title='bbox 434 3269 470 3369; x_wconf 81' lang='lat' dir='ltr'><em>id</em></span> <span class='ocrx_word' id='word_1_323' title='bbox 482 3320 546 3371; x_wconf 82' lang='lat' dir='ltr'><em>iteri</em></span> <span class='ocrx_word' id='word_1_324' title='bbox 566 3319 699 3385; x_wconf 75' lang='lat' dir='ltr'><em>patietur.</em></span> <span class='ocrx_word' id='word_1_325' title='bbox 744 3321 773 3372; x_wconf 84' lang='lat' dir='ltr'><em>si</em></span> <span class='ocrx_word' id='word_1_326' title='bbox 799 3321 846 3372; x_wconf 87' lang='lat' dir='ltr'><em>cui</em></span> <span class='ocrx_word' id='word_1_327' title='bbox 872 3330 969 3373; x_wconf 82' lang='lat' dir='ltr'><em>temen</em></span> <span class='ocrx_word' id='word_1_328' title='bbox 991 3320 1029 3371; x_wconf 86' lang='lat' dir='ltr'><em>Te</em></span> 
     </span>
     <span class='ocr_line' id='line_1_48' title="bbox 73 3386 993 3461; baseline -0.001 -16"><span class='ocrx_word' id='word_1_329' title='bbox 73 3389 213 3445; x_wconf 79' lang='lat' dir='ltr'><em>Sthenelus</em></span> <span class='ocrx_word' id='word_1_330' title='bbox 228 3389 320 3459; x_wconf 84' lang='lat' dir='ltr'><em>magis</em></span> <span class='ocrx_word' id='word_1_331' title='bbox 337 3386 470 3455; x_wconf 74' lang='lat' dir='ltr'><em>arrideat,</em></span> <span class='ocrx_word' id='word_1_332' title='bbox 492 3387 625 3459; x_wconf 86' lang='lat' dir='ltr'><em>equidem</em></span> <span class='ocrx_word' id='word_1_333' title='bbox 642 3404 700 3439; x_wconf 88' lang='lat' dir='ltr'><em>non</em></span> <span class='ocrx_word' id='word_1_334' title='bbox 718 3389 799 3441; x_wconf 78' lang='lat' dir='ltr'><em>vuldo</em></span> <span class='ocrx_word' id='word_1_335' title='bbox 815 3391 993 3461; x_wconf 76' lang='lat' dir='ltr'><em>repugnabo.</em></span> 
     </span>
    </p>
   </div>
   <div class='ocr_carea' id='block_1_3' title="bbox 96 3468 864 3633">
    <p class='ocr_par' dir='ltr' id='par_1_14' title="bbox 96 3468 864 3633">
     <span class='ocr_line' id='line_1_49' title="bbox 295 3468 735 3541; baseline -0.009 0"><span class='ocrx_word' id='word_1_336' title='bbox 295 3536 298 3541; x_wconf 89' lang='lat'><em>.</em></span> <span class='ocrx_word' id='word_1_337' title='bbox 365 3468 457 3541; x_wconf 85' lang='lat' dir='ltr'><em>XVI.</em></span> <span class='ocrx_word' id='word_1_338' title='bbox 509 3489 735 3537; x_wconf 74' lang='lat' dir='ltr'><em>conruomn.</em></span> 
     </span>
     <span class='ocr_line' id='line_1_50' title="bbox 96 3554 864 3633; baseline 0 -20"><span class='ocrx_word' id='word_1_339' title='bbox 96 3571 127 3625; x_wconf 78' lang='lat'><em>5.</em></span> <span class='ocrx_word' id='word_1_340' title='bbox 145 3560 216 3613; x_wconf 77' lang='lat' dir='ltr'><em>Nan</em></span> <span class='ocrx_word' id='word_1_341' title='bbox 233 3558 416 3633; x_wconf 75' lang='lat' dir='ltr'><em>Dindpnenel</em></span> <span class='ocrx_word' id='word_1_342' title='bbox 449 3554 527 3613; x_wconf 77' lang='lat' dir='ltr'><em>vide.</em></span> <span class='ocrx_word' id='word_1_343' title='bbox 538 3558 625 3613; x_wconf 87' lang='lat' dir='ltr'><em>modo</em></span> <span class='ocrx_word' id='word_1_344' title='bbox 642 3568 735 3613; x_wconf 81' lang='lat' dir='ltr'><em>totum</em></span> <span class='ocrx_word' id='word_1_345' title='bbox 751 3559 864 3615; x_wconf 88' lang='lat' dir='ltr'><em>locum:</em></span> 
     </span>
    </p>
   </div>
   <div class='ocr_carea' id='block_1_4' title="bbox 0 0 1118 3900">
    <p class='ocr_par' dir='ltr' id='par_1_15' title="bbox 0 0 1118 3900">
     <span class='ocr_line' id='line_1_51' title="bbox 0 0 1118 3900; baseline 0 2"><span class='ocrx_word' id='word_1_346' title='bbox 0 0 1118 3900; x_wconf 95' lang='lat' dir='ltr'><em> </em></span> 
     </span>
    </p>
   </div>
   <div class='ocr_carea' id='block_1_5' title="bbox 377 3840 413 3872">
    <p class='ocr_par' dir='ltr' id='par_1_16' title="bbox 377 3840 413 3872">
     <span class='ocr_line' id='line_1_52' title="bbox 377 3840 413 3872; baseline 0.028 -1"><span class='ocrx_word' id='word_1_347' title='bbox 377 3840 413 3872; x_wconf 61' lang='lat' dir='ltr'><em>t&#39;n&#39;h</em></span> 
     </span>
    </p>
   </div>
  </div>
 </body>
</html>
