2250 3990
272 154 472 199 saauouou
502 157 575 209 ma,
605 138 654 213 Π,
688 154 720 219 5.
907 148 974 217 589

39 236 69 293 ri
93 226 257 293 uadentes:
287 247 363 291 casta
388 244 430 291 est
453 239 565 321 itaque²
594 240 660 310 quis
687 259 773 297 nemo
790 224 854 297 e'am
879 246 975 315 pretio

40 308 277 379 apnestiuav'it.
312 307 396 360 Certe
422 307 468 360 val
492 328 508 360 o
534 309 763 363 dissentientibus
782 311 896 367 laudem
914 334 975 371 me·
1052 352 1055 357 ·

40 386 85 429 tur
106 377 179 429 haec
198 374 310 445 egregii
328 374 384 428 viri
403 376 585 431 coniectura:
613 378 687 431 milri
706 388 815 448 tamen,
845 392 877 434 ut
896 386 974 455 quod

40 444 97 497 otio
117 442 231 512 dicam,
259 442 434 513 ingeniosior
453 444 566 497 videtur
583 462 668 516 quam
688 448 787 501 verior.
823 450 973 525 Principio

40 514 101 582 iim,
128 514 258 566 nimium
274 529 342 565 sane
359 522 389 567 et
426 514 581 566 ernimiusn
605 514 658 565 sali
676 516 761 585 nigro
779 517 898 573 indulsit
916 524 974 576 No·

40 598 76 663 ar,
112 579 139 633 si
164 598 217 651 pro
244 580 388 651 Penelopa
404 531 543 635 lucidam
565 583 708 652 quandam
728 594 777 638 aut
801 586 973 645 Bacchidem

40 650 87 711 ibis
107 649 249 729 depinxit.
291 651 355 701 Nou
373 651 468 703 omnia
488 650 534 703 rel
552 650 607 720 ipsi
626 651 737 705 Sstirse
758 652 856 707 licent.
901 652 974 711 Hae·

40 734 88 773 sus
107 718 228 789 quidem
244 718 287 771 sas
305 727 373 783 erat,
393 718 505 771 Castam
523 736 586 772 eam
603 736 682 773 nuuc
699 736 766 791 esse,
785 723 858 777 adeo
875 734 973 781 tumen

62 788 235 867 ingentibus
262 788 430 839 muneribus
461 790 617 857 expugnari
648 788 761 841 tandem
796 792 884 859 possit
912 797 974 851 eius

40 854 171 909 dinatio:
193 856 248 909 hoc
266 856 380 907 scilicet
396 855 529 908 mulieris
545 866 601 911 est:
623 866 653 910 at
669 857 744 920 illud
762 863 854 911 uenire
872 870 915 930 et,
935 862 973 917 ll-

40 932 52 977 l
67 923 297 995 quamplurimo,
314 924 444 976 venalem
461 942 490 976 se
508 925 623 993 habere,
643 928 804 981 meretricis
820 938 861 981 est
874 930 971 1001 plane,

51 992 176 1063 quidem
195 992 331 1065 procacis.
367 994 428 1045 Hoc
446 993 536 1062 igitur
552 992 615 1063 vult
633 994 770 1065 Tiresias,
794 998 906 1064 perduci
923 1000 973 1053 ds-

40 1076 88 1113 um
106 1078 191 1131 posse
209 1060 398 1130 Penelopam,
427 1062 451 1113 si
475 1062 557 1115 donis
581 1080 670 1133 usque
691 1076 720 1117 et
738 1082 826 1133 easque
843 1068 974 1121 cumule-

40 1144 68 1184 t:
88 1143 122 1181 st
141 1128 219 1183 ultro
239 1147 268 1182 se
287 1130 408 1181 venalem
424 1130 608 1200 prostituere,
632 1140 717 1203 atque
734 1134 804 1186 adeo
823 1143 974 1204 quaestum

40 1200 217 1250 amictum·
234 1208 334 1267 sponte
359 1199 505 1269 occipere,
536 1201 601 1269 quie
624 1216 657 1251 ea
680 1200 905 1257 calumniantem
929 1205 973 1257 fe·

40 1266 71 1319 t?
98 1264 179 1319 Illud
195 1282 307 1336 quoque
325 1270 355 1319 iu
373 1267 427 1319 hac
444 1268 609 1320 coniectura
628 1268 769 1338 displicet,
789 1272 868 1343 quod
884 1272 972 1328 verba

40 1374 49 1403 ,
68 1332 203 1385 Donandi
218 1353 300 1401 parca
317 1338 457 1400 iuvemus,
474 1336 604 1389 absoluto
622 1337 680 1388 iam
701 1340 805 1408 posita,
827 1358 885 1393 uon
904 1358 973 1411 pro·

40 1419 55 1455 s
70 1401 143 1455 illos
161 1403 317 1481 nebulones
334 1404 384 1473 qui
402 1403 438 1454 ad
452 1405 825 1474 Penelopam-accesserant,
844 1409 892 1461 sed
910 1428 972 1463 om·

41 1486 74 1523 m
103 1487 225 1525 omniuo
250 1473 430 1523 iuventutem
456 1472 619 1539 significare
647 1472 759 1524 debent,
813 1476 886 1545 Ergo
915 1478 973 1531 hoc

41 1554 86 1591 tue
105 1538 195 1607 dicit,
230 1536 331 1593 Omnes
349 1542 458 1591 iuvenes
474 1541 593 1590 donandi
610 1557 706 1608 parcos
722 1559 794 1608 esse,
821 1556 847 1593 et
865 1545 972 1599 culinae

41 1624 87 1659 aas
111 1608 223 1659 Veneris
246 1608 436 1658 studiosiores:
464 1622 589 1676 quorum
612 1616 766 1678 utrumque
787 1610 972 1669 falsissimum

41 1690 66 1730 Ι
84 1674 245 1729 Comoedia
263 1676 355 1727 omnis
373 1674 510 1727 clamitat.
545 1676 648 1728 Noster
666 1678 726 1748 ipse
750 1676 783 1730 in
806 1678 973 1735 charactere

41 1744 125 1807 irenis
147 1747 205 1795 Art.
226 1744 304 1795 Poet.
323 1761 349 1796 r.
370 1745 429 1811 1⁶4·

77 1812 198 1865 Utilium
216 1811 310 1873 tardus
324 1813 456 1879 provisor,
473 1811 611 1882 prodigus
627 1814 710 1882 seris,

76 1881 216 1943 statiuis,
236 1879 420 1953 cupidusque,
440 1894 466 1933 st
483 1894 573 1931 amota
592 1883 741 1951 relinquere
757 1885 876 1951 pernix(
938 1918 944 1935 ι

41 1946 178 2001 dstotales
197 1946 314 2001 Rhetor.
334 1950 375 2015 ll,
405 1967 430 2001 a.
478 1946 514 2001 02
532 1944 583 2015 air
600 1941 653 2003 osio
669 1946 743 2017 νέοι,
771 1947 807 2004 eti
826 1944 886 2021 lida
903 1950 974 2007 elale

41 2014 221 2083 ῐιθυμητικοί·
251 2014 298 2069 uel
323 2014 380 2068 τῶν
404 2014 467 2083 napi
493 2012 525 2069 ed
549 2016 631 2084 asian
654 2012 828 2085 ἐπιθυμιῶν,
853 2016 974 2087 μάλιστα

41 2082 230 2152 ιοίουθητικοί
248 2084 301 2137 εἰσι
324 2085 387 2145 ταῖς
409 2084 485 2157 (lege
506 2084 553 2155 τῇ)
580 2083 642 2155 neol
666 2083 703 2139 roi
725 2084 896 2157 ἀφροδίσια,
924 2088 972 2143 nal

41 2156 142 2219 mosaic
158 2149 273 2220 ταύτης.
309 2156 439 2218 Iuvenes,
460 2156 515 2220 sit,
535 2154 614 2205 rebus
635 2156 759 2208 Venereis
777 2160 893 2210 maxime
909 2172 973 2211 sunt

41 2222 106 2287 utin,
124 2236 150 2272 at
169 2223 199 2273 in
217 2223 252 2272 iis
269 2223 484 2289 intemperantes.
526 2222 658 2292 Denique
683 2234 713 2277 et
736 2224 811 2277 illud
836 2229 927 2292 venit,
955 2246 971 2281 a

41 2290 109 2355 anio,
129 2288 307 2359 aptissimum
324 2290 393 2341 huic
411 2290 474 2343 loeo
492 2292 673 2360 vocabulum,
694 2310 752 2345 non
770 2294 829 2359 pati
847 2312 970 2364 possum,

41 2356 99 2411 tad
117 2358 237 2411 alteram
256 2358 496 2438 significationem
515 2358 726 2428 detorqueatur.
760 2362 902 2429 Venerunt,
920 2364 971 2433 ait,

41 2426 104 2487 nas}
123 2432 155 2477 ut
173 2426 333 2491 Terentius,
355 2444 450 2477 amans
467 2427 584 2489 accessit,
607 2429 713 2479 Andria
731 2430 754 2494 I,
778 2445 801 2479 ι.

63 2494 138 2545 'Sed
153 2508 293 2563 postquam
311 2513 405 2545 curans
422 2494 548 2560 accessit,
568 2497 682 2559 pretium
700 2496 840 2562 pollicens.

41 2558 225 2613 incommcare
243 2564 278 2611 od
297 2564 435 2613 mulierem
452 2563 529 2613 idem
546 2562 648 2613 Heaut.
667 2564 721 2630 111,
743 2580 766 2617 ι.
786 2581 813 2615 v.
830 2571 876 2633 35.
951 2600 955 2606 -

81 2628 203 2681 Primum
221 2631 287 2681 olim
303 2633 394 2697 potiris
412 2649 490 2699 quom
508 2643 627 2697 paterere
640 2630 737 2696 filium
782 2680 785 2687 ,

80 2696 251 2751 Commetare
269 2700 304 2748 sul
324 2700 517 2767 mulierculam,
534 2716 602 2767 φιαι
619 2699 743 2767 paullulo
785 2695 790 2709 ⁸

85 2766 156 2817 Tum
174 2780 231 2817 erat
249 2780 380 2819 contenta.

42 2834 65 2887 li
80 2851 194 2887 versum
211 2835 437 2905 claudicantem,
455 2836 506 2905 qui
523 2844 566 2887 tot
581 2835 657 2886 viros
675 2832 850 2887 doctissimos
867 2834 973 2893 frustm

42 2901 152 2955 sercitos
170 2903 286 2973 habuit,
313 2904 354 2958 sic
372 2904 429 2956 levi
445 2922 535 2957 manu
552 2904 647 2958 obiter
662 2920 778 2973 sanare,
796 2903 852 2956 e'sit
868 2921 971 2977 parrae

42 2971 125 3041 ¹sellae
145 2973 287 3041 pretium:
306 2972 371 3041 lego
392 2974 479 3041 enim,

80 3038 262 3093 Commetare
280 3040 315 3091 od
333 3042 529 3103 mulierculam,
547 3058 615 3107 quae
631 3040 763 3107 paullulo.

42 3120 150 3161 ammeta
170 3118 211 3159 est
235 3109 354 3161 verbum
377 3108 619 3179 frequentativum
642 3127 659 3161 a
685 3126 818 3160 commeo.-
847 3126 971 3174 commeo,

42 3180 171 3241 immrito,
191 3186 222 3229 ut
240 3177 315 3230 iacto
332 3179 445 3245 iactito,
472 3178 550 3231 dicto
567 3178 669 3229 dictito
687 3186 715 3228 et
732 3176 855 3245 similia,
880 3188 909 3230 ot
925 3179 973 3231 de·

42 3246 84 3299 ide
175 3245 266 3303 cresin
288 3258 423 3295 commeta.
460 3246 576 3297 Plautus
594 3245 759 3315 Captivisl,
780 3264 804 3299 a.
824 3264 850 3299 v.
870 3258 912 3311 aa.

114 3331 159 3365 am
175 3331 250 3373 meus
265 3330 416 3381 scruposam
434 3315 520 3365 victus
538 3324 690 3366 commetat
707 3315 788 3365 viam.

42 3398 59 3435 t
78 3382 168 3439 codex
186 3382 389 3434 vetustissimus
408 3382 567 3434 camerarii
585 3399 651 3434 cum
669 3382 733 3433 aliis
744 3380 879 3433 Palatinis
898 3380 975 3451 apud

42 3466 164 3503 ameum.
200 3450 292 3518 Vulgo
312 3466 439 3501 commeat
465 3456 510 3515 (ut
531 3452 579 3503 hic
605 3452 680 3519 apud
704 3450 887 3511 Terentium)
912 3467 976 3520 per·

42 3534 132 3573 eram:
160 3534 229 3573 raro
252 3534 333 3572 surm
357 3528 407 3571 sut
424 3534 565 3591 nusquam
589 3520 621 3573 in
637 3520 704 3573 sede
720 3518 825 3591 quinta
843 3518 976 3575 lamburn
