2228 3900
127 134 190 199 170
415 148 448 202 o.
485 146 643 189 uonsrn
678 149 809 194 resecr

75 246 79 271 ³
195 230 248 283 Per
263 229 379 297 triplicis
395 228 489 280 vultus
507 244 668 301 arcanaque
686 246 768 285 sacra
785 230 903 285 Dianas.
983 289 986 299 Ι

126 301 231 357 Statius
251 300 318 353 silv.
338 299 390 368 111,
410 314 436 367 5.
980 302 984 311 '

477 366 621 439 sacrisque
637 368 758 421 Deorum

192 435 310 489 Arcanis
329 434 438 487 haerere
458 437 557 489 danem.

128 506 241 561 Seneca.
253 504 365 570 Medea,
386 520 447 574 912.

197 575 276 625 Artas
292 575 368 623 iuvat
385 574 508 640 euertisse,
527 585 554 625 st
569 588 674 627 arcano
691 584 796 642 putrem

198 644 331 709 Spoliasse
351 656 438 693 sacro.

128 710 207 764 idem
226 708 397 781 Hippolytes
412 726 470 780 107.

136 795 140 800 ’
196 781 304 849 Iacsme¹
322 778 415 830 tacitis
433 779 522 829 consci

127 857 158 901 et
173 846 277 899 Troad·
297 858 357 913 843·
470 845 474 857 ⁸

125 926 131 933 ‘
195 917 237 967 An
253 916 339 967 sacris
356 914 477 981 gariricus
493 914 587 967 tacitis
605 914 726 965 Eleusin.
882 964 885 970 ,
1067 973 1078 989 ι

126 984 182 1037 Sed
199 984 272 1037 nihil
293 983 471 1035 mutandum.
508 984 582 1034 Nam
601 991 629 1034 et
646 982 724 1033 idem
748 977 826 1033 valet
844 996 975 1043 arcanae,
1000 994 1034 1033 ne
1054 994 1084 1031 n

99 1066 102 1075 ·
128 1071 257 1105 arcanam
268 1051 388 1117 dixissen
408 1059 441 1102 et
455 1051 603 1119 figuratius
622 1060 676 1104 est:
697 1052 738 1101 sic
752 1050 831 1116 virg.
845 1049 951 1117 Georg.
964 1048 1010 1117 lv,
1019 1058 1081 1117 521.

195 1124 272 1173 Inter
287 1138 365 1170 sacra
384 1120 470 1183 dertm,
488 1120 678 1188 nocturnique
698 1119 776 1183 orgia
795 1116 917 1171 Bacchi:

127 1188 179 1241 ubi
204 1198 232 1241 et
256 1189 395 1240 editiones
419 1197 528 1240 veteres
552 1196 581 1239 et
604 1185 703 1257 scripti
729 1186 840 1257 aliquot
861 1200 1013 1256 perperam
1032 1184 1083 1241 lus-

127 1258 197 1309 bent
213 1271 402 1325 nocturnaque.
1098 1285 1104 1293 ·

161 1338 202 1388 98.
224 1326 410 1392 Fragilemque
429 1340 530 1373 mecum
546 1323 635 1374 solvet
650 1322 801 1390 phaselum]
822 1320 922 1377 Primo
932 1293 1082 1394 legendus}
1089 1349 1101 1373 ·.

128 1394 316 1460 Fragilsmve,
346 1391 573 1461 repugnantibus
597 1392 666 1443 licet
688 1392 850 1445 codicibus:
877 1393 985 1445 centies
1007 1392 1081 1452 enias
1095 1415 1106 1445 ·-.

127 1462 290 1532 milliesque
307 1457 347 1513 'cb
370 1479 401 1511 ve
427 1468 568 1511 mutatum
592 1460 622 1510 in
643 1478 708 1529 que,
736 1468 769 1511 ut
784 1460 888 1513 ‘sciunt
911 1462 961 1541 qui
985 1469 1106 1513 manu-n*

126 1532 246 1600 scriptos
272 1537 405 1581 tractant.
455 1530 575 1595 vetabo,
602 1528 633 1579 in
655 1528 712 1594 uit,
738 1528 788 1599 qui
812 1536 949 1599 mysteria
972 1528 1077 1583 Gensis
1101 1533 1104 1540 '

126 1599 313 1664 revelaverit,
348 1612 395 1647 arse
418 1605 496 1648 terra
518 1597 569 1648 sub
596 1548 697 1649 eolem
722 1604 797 1650 tecta
818 1614 935 1671 mecum
957 1600 1008 1667 sit,
1033 1607 1076 1649 eut
1091 1621 1106 1662 ·-s

125 1668 202 1720 mari
218 1668 249 1719 in
268 1666 365 1718 eadem
384 1666 469 1717 nevi..
496 1663 609 1716 Deinde
625 1666 719 1717 scribe
736 1682 801 1732 curn
818 1664 968 1733 Leidensi,
997 1667 1074 1719 Gne·
1098 1669 1106 1692 ¹

126 1737 218 1803 viano,
237 1734 405 1801 Batteliano,
426 1744 454 1785 et
470 1734 583 1785 Acrone
603 1734 805 1804 manuscripto,
824 1734 964 1803 phaselon,
980 1736 1072 1793 forma·

126 1807 204 1858 tione
222 1804 346 1855 Graeca:
367 1810 399 1853 ut
417 1801 500 1854 ovid.
519 1804 612 1853 Amor.
635 1802 672 1871 11,
696 1816 733 1855 ro.

194 1876 304 1937 Errant,
326 1884 353 1921 ut
370 1872 457 1921 ventis
475 1870 641 1921 discordibus
658 1883 719 1921 actu
735 1868 877 1925 Pliadas.

126 1941 193 1995 Stat.
214 1940 282 1993 silv.
303 1940 356 2007 ΙΙΙ,
378 1956 392 1990 2
821 1962 824 1968 ·
1072 1969 1076 1980 ·

196 2008 322 2086 Quaeque
339 2018 490 2055 secuturam
507 2006 622 2071 religent
637 2019 696 2073 post
714 2020 790 2075 terga
809 2006 961 2065 Phaselnn.
1051 2021 1072 2064 .'

125 2078 214 2129 Porro
231 2077 359 2125 imitatus
378 2081 420 2123 est
435 2072 512 2123 bunc
531 2071 628 2125 locum
643 2076 816 2129 Prudentius
835 2086 937 2133 sonna
956 2078 1070 2149 Syrum

127 2144 213 2199 chum
234 2144 262 2193 11
291 2150 324 2201 32
345 2182 350 2191 .
819 2186 824 2193 .

194 2161 354 2261 Isusi'reraia
373 2221 464 2260 tenues
483 2209 601 2275 cumbae,
621 2211 793 2285 fragilesque
811 2214 934 2285 phaseli.

574 2292 630 2359 lll.

160 2382 186 2434 6.
213 2381 273 2432 Nec
284 2381 462 2447 fulminantis
479 2401 578 2451 magno
596 2384 671 2433 Iovis
687 2384 792 2453 mnnrts]
834 2384 942 2439 Melior
957 2384 1071 2439 suavior·
1092 2393 1095 2399 '

124 2450 265 2570 qugerlqlo
291 2461 331 2504 est
353 2454 384 2504 iu
404 2452 530 2506 editione
547 2454 654 2504 Veneta
675 2464 747 2522 1473.
768 2464 797 2505 et
820 2456 954 2509 omnibus
977 2456 1073 2523 ubique
1096 2475 1099 2482 ·

125 2535 159 2571 CO
181 2536 287 2574 tel-us:

523 796 553 829 as
568 779 656 833 sacris
667 778 758 847 seces.

194 2589 254 2638 Nec
264 2589 444 2656 fulminantis
460 2608 560 2656 inagna
577 2608 672 2641 manses
690 2590 771 2639 lovis.

123 2654 263 2710 Loscberi
287 2666 382 2710 tamen
403 2658 492 2712 editio
519 2668 592 2728 1498.
617 2660 743 2730 priorem
766 2656 923 2713 lectionem
945 2656 1071 2727 sequitur,
1100 2676 1106 2723 ⁴.

123 2725 200 2775 unde
221 2726 252 2777 in
276 2727 446 2795 posteriores
464 2744 562 2780 omnes
581 2728 707 2779 derivata
731 2734 779 2779 est.
816 2729 919 2781 Paucis
941 2744 959 2779 s
980 2734 1074 2779 ustura
1101 2727 1106 2770 ¹·

123 2790 222 2844 datum
240 2794 403 2847 esthabere
421 2812 528 2848 eurem.
1101 2816 1106 2850 τ

157 2879 182 2931 7.
215 2863 363 2931 Sifractus
378 2865 509 2915 illabatur
527 2862 609 2929 orbis]
648 2862 794 2915 Leidensis
817 2872 916 2917 noster
932 2858 1076 2917 vetustissi-
1104 2925 1106 2933 Α

122 2945 186 2981 snus
210 2947 277 2982 cum
302 2932 430 2985 Petrensi
455 2943 484 2984 et
512 2930 569 2985 ulio
600 2932 774 2998 recentiore,
814 2932 950 2985 illabetur,
1001 2926 1077 2983 Nihil

121 3006 211 3049 muta.
246 2997 440 3068 Hieronymus
460 3000 585 3072 Epistola
602 3000 638 3051 ad
658 3000 887 3055 Demetriadem:
918 3002 1036 3052 Probans
1050 3000 1078 3049 ie

123 3084 152 3117 se
169 3083 263 3115 verum
281 3085 350 3130 esse,
371 3072 441 3135 quod
458 3070 488 3120 in
505 3070 603 3137 Lyrico
624 3069 748 3120 Carmine
765 3088 843 3135 snper
859 3072 926 3121 iusti
941 3068 1077 3137 praeconis

122 3136 229 3199 dicitur,
252 3136 281 3185 Si
292 3134 403 3200 fractus
421 3137 558 3191 illabatur
577 3137 656 3202 orbis,
678 3138 847 3205 lrnpnoidam
856 3138 963 3204 ferient
980 3137 1078 3189 ruinas.

122 3202 158 3253 Et
176 3204 216 3253 sic
233 3202 342 3254 iterum
360 3205 429 3255 citat
445 3205 571 3275 Epistola
592 3206 626 3257 ad
647 3206 791 3257 lulianum
811 3206 982 3259 Diaconum.

159 3289 200 3323 ro.
220 3274 336 3321 Innixus
353 3289 427 3324 eroes
446 3275 536 3341 attigit
553 3273 657 3341 ignens]
682 3275 729 3327 sio
747 3275 887 3327 editiones
905 3284 1016 3327 veteres
1031 3273 1080 3323 Ve-

122 3349 190 3392 neta
211 3350 238 3391 et
255 3339 407 3407 boselini,
436 3343 556 3405 innisus,
606 3357 705 3393 irarum
729 3342 892 3412 exemplum
915 3342 1081 3413 posteriores

121 3408 277 3478 pleraeque
294 3417 406 3459 secutae
423 3418 496 3463 sant.
532 3412 568 3461 At
586 3360 761 3462 liraevinnus
780 3420 877 3462 noster
894 3422 924 3463 et
940 3412 1081 3481 Reginca·

120 3478 158 3531 sis
176 3493 242 3527 cum
260 3492 308 3527 sex
327 3474 391 3526 aliis
408 3479 534 3528 latrinas:
556 3478 718 3546 Leidensis,
738 3480 893 3547 Petrensis,
913 3478 1082 3549 vigornien-

115 3545 157 3601 sis
175 3554 204 3598 et
219 3545 332 3616 Regiae
350 3542 512 3615 societatis,
544 3549 648 3598 enisus:
673 3564 765 3618 neque
784 3547 869 3607 aliter
882 3544 1104 3601 vetustissimsa'
