2250 3990
295 182 512 231 saturanu-
530 162 609 236 ura(
634 173 662 243 1.
893 186 955 253 111

58 270 178 339 Prosper
193 270 324 322 connubio
345 271 402 321 dies
421 284 552 338 coruscat,

58 340 149 460 gliscis
167 357 245 409 quem
262 340 335 408 picei
353 338 462 409 lapillis
479 339 545 391 Indi

57 544 132 610 Noa,
153 558 179 595 et
546 542 658 664 {stando
676 544 794 619 lapillis,

57 614 286 733 Etsllemiitma
303 614 357 679 diu,
376 616 535 683 geniumque
572 616 679 667 obitura
695 634 845 685 perennem.

57 698 70 735 ι
106 700 156 735 ιι.
244 691 270 744 8.
757 688 761 701 “

57 750 162 813 Litora,
181 721 248 817 quire
257 749 349 815 festos
365 750 500 802 cumulare
518 751 649 803 altaribus
666 754 678 803 i
729 772 753 819 s,

57 820 95 871 a:
113 816 240 871 redimire
257 815 361 884 chelyn,
378 824 517 887 postesque
533 838 631 887 ornare
648 770 769 881 inlinens

57 886 213 953 Albanoque
232 886 328 935 cadum
343 886 495 936 sordentem
512 904 634 955 promere
643 890 735 955 sumo,

57 956 95 1005 Et
113 967 196 1003 contu
212 956 321 1020 signare
339 953 428 1003 diem:
443 956 491 1005 sod
507 957 601 1011 tardus
616 959 745 1029 introque

57 1020 146 1072 Nune
163 1023 268 1073 demum
287 1036 346 1072 mea
364 1034 428 1071 vota
447 1038 524 1089 cotto,

57 1089 139 1143 male
155 1091 285 1161 profecto
306 1102 404 1151 eantu;
431 1107 498 1142 oum
515 1092 574 1145 iam
591 1102 657 1145 ante
674 1092 772 1161 chelyn
788 1096 955 1151 nominare·

79 1168 109 1210 et
133 1174 203 1213 mox
225 1161 331 1228 repetit
354 1174 430 1210 omo.
476 1160 554 1230 Quid
579 1170 674 1215 autem
692 1170 733 1215 eet
755 1163 866 1231 signare
884 1167 955 1218 &em

57 1227 95 1278 u?
114 1235 148 1278 tu
166 1243 233 1280 vero
251 1228 323 1297 lege,

57 1294 213 1364 Albanoque
233 1297 338 1350 eadum
356 1300 507 1351 sordentem
522 1312 641 1366 promere
652 1295 743 1363 firmo.

59 1366 98 1415 Et
113 1372 194 1415 crata
211 1366 320 1431 signore
339 1369 427 1419 diem:
498 1417 501 1421 .
584 1406 587 1411 -
799 1398 802 1403 ·

57 1450 90 1482 tm
106 1431 156 1483 hic
177 1448 246 1485 oum
264 1448 337 1485 creta
356 1424 515 1506 consociat,
545 1443 578 1487 ut
593 1430 696 1485 Noster
714 1430 870 1502 amphoram
886 1452 955 1493 autu

57 1516 91 1552 sa
107 1510 185 1567 nota,
205 1501 347 1555 Martialis
363 1506 521 1574 amphoram
536 1518 604 1555 oum
622 1503 707 1552 lactea
724 1520 838 1570 gemma,
858 1507 955 1559 cadum

57 1586 184 1636 .gemmo
196 1568 267 1634 alba,
285 1581 314 1622 et
330 1573 442 1626 Persius
460 1584 561 1624 merum
578 1586 645 1622 oum
661 1571 756 1637 lapillo
774 1573 898 1641 candido,
918 1574 954 1628 ael

57 1638 192 1691 afestum
209 1639 390 1710 faustumque
407 1640 622 1708 celebrandum.
793 1648 797 1655 '

216 1732 392 1807 XXXVII.
458 1762 510 1809 aa
547 1752 726 1806 sonares.
797 1802 800 1807 .

79 1844 266 1898 Contaminata
295 1863 355 1897 oum
370 1865 452 1917 grege
470 1851 587 1917 turpium
605 1838 703 1895 Morbo
719 1844 848 1913 virorum]
891 1846 955 1900 tot.

59 1934 86 1966 m
104 1914 176 1966 hano
192 1912 332 1967 lectionem
351 1917 460 1988 (inquit
470 1915 606 1987 Iosephus
617 1911 744 1979 Scaliger
755 1915 860 1965 Ausou.
873 1914 954 1969 Lacr.

57 1987 93 2055 ἲ.)
111 1987 170 2045 quis
192 2002 280 2034 sanus
306 1984 378 2035 volet
406 1987 500 2037 tueri?
538 1981 667 2054 quomodo
688 1979 751 2030 inde
769 1980 867 2032 bonum
892 2002 951 2034 sen·

71 2052 195 2120 efficiet?
223 2055 234 2101 1
238 2070 285 2122 pse
303 2052 445 2121 igiturex
463 2055 630 2107 coniectura
646 2047 689 2105 sio
706 2046 802 2101 locum
819 2053 953 2123 restituit,

61 2120 262 2172 Contaminata
280 2126 423 2194 congrege
443 2125 560 2192 turpium
840 2140 844 2147 ·

60 2190 158 2240 Morbo
176 2192 311 2240 virorum:

57 2256 179 2327 replicat,
197 2257 295 2308 Morbo
312 2261 447 2323 virorum,
465 2259 603 2312 morbosis
621 2256 708 2321 viris;
734 2266 768 2309 nt
786 2258 872 2309 scelus
889 2259 953 2326 oiri,

57 2335 125 2377 estus
173 2328 263 2392 Atque
281 2327 381 2397 huius,
413 2337 446 2377 ut
464 2328 593 2395 videtur,
623 2326 824 2379 auctoritatem
841 2337 955 2379 secutus

57 2396 152 2463 quiris,
177 2394 267 2445 trium
286 2404 397 2459 tamen,
418 2407 450 2447 ut
467 2406 578 2463 narrat,
598 2394 858 2463 manuscriptorum
876 2396 955 2445 codi-

57 2480 63 2514 ι
79 2464 148 2526 fide,
178 2463 263 2513 etiam
285 2463 315 2513 in
334 2465 393 2531 ipso
410 2472 487 2515 textu
506 2465 596 2515 edidit
615 2472 761 2529 congrega·
788 2472 816 2513 et
834 2463 869 2513 ob
890 2480 954 2515 eam

76 2531 204 2583 laudatus
222 2540 263 2580 est
280 2549 296 2582 a
313 2531 429 2583 Barthio
450 2532 682 2584 Adversariorum
707 2531 758 2582 lib.
777 2545 819 2598 59.
846 2532 907 2598 cap.
926 2548 953 2599 ι).

61 2598 94 2650 de
110 2597 241 2666 Cruquio
266 2598 382 2668 quidem
403 2600 574 2670 Barthioque
598 2617 655 2650 non
680 2600 752 2651 adeo
776 2597 892 2650 solliciti
909 2616 955 2650 su·

57 2684 72 2718 t:
101 2665 281 2732 scaligerum
306 2676 366 2718 tam
389 2669 515 2736 graviter
542 2669 707 2720 domiitasse
730 2684 789 2717 non
808 2683 955 2734 possumus

83 2733 238 2801 indignari.
289 2736 369 2804 Quae
399 2737 477 2789 enim
506 2735 559 2788 illu
588 2745 699 2804 sartago
728 2735 863 2803 loquendi
895 2753 956 2787 non

57 2801 79 2853 lo
106 2802 247 2852 Venusino
273 2813 383 2871 nostro,
415 2806 463 2856 sed
487 2815 515 2855 et
539 2805 601 2875 ipso
625 2804 720 2854 Ennio
745 2811 772 2853 et
797 2805 956 2855 verrricosis

72 2871 134 2921 aevi
152 2871 282 2936 Tragicis
300 2873 440 2940 indigna?
461 2875 648 2923 Contaminata
667 2870 757 2920 morbo
777 2874 894 2937 turpium
913 2874 955 2921 vi-

58 2956 82 2989 m
103 2955 251 3004 οοηὲνεμ,Ι
287 2940 363 3006 sive,
395 2944 471 3009 quod
497 2941 625 3010 peiorem
649 2938 743 2990 adhuc
762 2940 956 3008 stribliginem

57 3023 109 3058 ese
127 3007 199 3074 fert,
230 3008 426 3059 Contaminatis
443 3011 572 3059 morbosis
590 3008 711 3075 turpibus
727 3009 795 3056 viris
814 3011 956 3074 oongregi-

57 3095 59 3104 ·
87 3091 176 3143 apage
204 3083 261 3125 tam
288 3078 402 3128 foedam
419 3078 543 3128 scabiem
565 3096 581 3128 a
606 3073 777 3127 nitidissimo
797 3077 954 3144 scriptore!

59 3143 88 3194 bo
107 3146 228 3193 virorum
251 3161 301 3211 pro
327 3146 466 3198 morbos1s
492 3147 561 3197 viris
580 3162 665 3196 nemo
686 3160 812 3214 unquam
830 3145 954 3197 dixisset.

57 3230 117 3279 grex
135 3213 291 3263 Horatiano
315 3214 428 3266 saeculo
453 3231 506 3265 vox
524 3214 651 3264 nondum
668 3221 734 3264 nuta
747 3221 825 3264 erat.
861 3214 956 3263 Poste·

57 3280 220 3348 sequidem
239 3291 420 3350 usurparunt,
441 3281 584 3350 Apuleius,
605 3282 753 3344 Ausonius,
773 3280 955 3347 Prudentius,

57 3357 98 3400 tor
119 3348 268 3416 Pervigilii
288 3351 422 3415 Veneris,
453 3351 581 3418 Cyrillus
605 3351 636 3401 in
657 3349 818 3413 Glossari03
847 3348 896 3401 sed
920 3366 955 3399 en

57 3432 86 3485 n,
125 3417 173 3485 qui
206 3435 222 3468 a
252 3416 346 3468 Flacci
379 3419 519 3471 sententia
547 3419 707 3488 plurimum
737 3417 830 3469 distat.
878 3415 958 3485 Quid

57 3487 99 3538 la?
137 3486 325 3535 Contaminata
346 3505 404 3537 cum
423 3507 505 3554 grege
523 3489 644 3538 nlinime
663 3486 879 3539 sollicitandum
897 3495 954 3536 eet:

73 3553 248 3608 vocamdum
267 3570 335 3620 gres
358 3558 436 3626 turpi
457 3554 511 3619 illa
535 3557 693 3627 spadonum
718 3562 748 3607 et
765 3554 957 3606 oineeedorum
