2250 3990
108 196 118 221 t

51 230 59 283 2
114 224 117 229 ·
251 206 273 259 J
320 204 525 257 csnusnuu
560 216 632 262 mn.
669 196 696 264 Ι.
808 170 811 177 ¹
946 208 990 273 27

46 297 153 351 sinime
169 294 291 363 errarit,
309 296 408 349 sedin
426 297 522 350 reditu
539 298 698 353 domuisti
740 300 826 354 Nono
843 318 912 358 oum
928 322 989 361 non
1045 286 1052 305 ⁸

46 385 156 431 erotem,
173 364 223 418 sed
240 382 335 416 curun
350 366 497 435 posuerit3
516 366 637 419 dubium
656 368 786 436 proiecto
795 369 924 442 reliquit,
943 379 990 429 re'·

49 436 162 489 itumne
178 434 229 486 hic
246 431 335 487 vellet
353 450 389 486 en
407 435 526 487 obitum.
580 436 675 505 Quare
692 452 767 507 pene
788 439 925 510 inducor,
955 454 988 497 ut

46 505 159 572 redum,
178 520 240 555 non
257 502 343 555 aliter
358 502 501 573 scripsisse
518 505 686 571 Horatium,
706 522 791 575 quem
811 509 932 563 reducis:
959 522 989 568 et

46 573 67 625 ic
84 589 156 625 sene
174 570 228 623 alii
245 570 281 623 de
296 588 329 623 re
346 573 456 625 eedem.
497 571 602 629 Statius
621 573 690 626 stlv.
712 576 763 642 tv,
784 592 809 630 s.
868 598 870 603 ·

100 641 261 710 Alcinoique
277 641 361 708 dapes
377 641 504 703 mansura
522 643 640 693 carmine
659 654 798 708 monstrat,

48 776 72 831 ss
98 710 135 829 Ale
173 709 284 779 ore-qui
300 709 383 760 multo
403 709 539 762 reducem
559 712 705 762 coiuumsit
727 711 852 783 Ulisem'

71 796 98 833 r.
202 815 209 830 .
272 826 275 833 .

93 795 256 897 Noc'tu7rnas
273 845 323 897 alii
339 845 479 919 Phrygum
498 847 601 910 ruinas,

98 915 137 967 Et
156 914 234 965 tarde
253 913 368 967 reducis
384 918 446 966 vias
468 916 553 979 Ulixi,

97 985 137 1034 Et
152 1001 270 1051 puppem
289 986 459 1035 temerariam
476 984 620 1035 Minervae

46 1118 69 1173 ss
102 1052 187 1103 Trita
204 1053 310 1103 vatibus
326 1052 414 1103 orbita
430 1064 585 1121 sequantur.

48 1119 96 1174 ‘u
115 1120 148 1172 11
202 1158 210 1175 .
360 1126 364 1131 “
484 1168 488 1175 .

93 1136 258 1242 Mololtium
272 1190 330 1241 sive
346 1189 396 1240 ille
412 1205 518 1251 senem,
539 1187 689 1257 Troiaeque
707 1186 814 1254 labores

95 1258 223 1323 Diceret,
244 1271 291 1307 aut
308 1276 387 1309 casus
402 1254 479 1307 tarde
497 1258 649 1307 remeantis
669 1257 753 1308 Ulixi.

65 1337 109 1393 14.
129 1325 246 1377 Pulvere
268 1326 386 1407 Troico}
423 1322 635 1387 Illustrissimus
652 1325 716 1377 Nic.
734 1325 871 1380 Heinsius
886 1329 920 1381 in
936 1334 988 1387 ors

46 1395 99 1449 ibri
120 1394 174 1447 sui.
211 1394 292 1445 Forte
310 1395 407 1448 Troso.
452 1393 523 1445 Vide
540 1410 592 1445 nos
611 1392 647 1445 ad
667 1393 761 1446 Corm.
780 1396 834 1449 ΙΙΙ.
854 1413 880 1465 5.
899 1417 925 1455 v,
942 1418 988 1472 52·

63 1474 112 1526 180·
128 1461 240 1514 Proelia
256 1464 391 1529 virginum
410 1462 493 1513 Sectis
518 1463 548 1512 in
571 1463 678 1512 iuvenes
701 1464 835 1528 unguibus
857 1468 960 1519 acrium
978 1510 986 1526 .

47 1540 141 1587 terum
158 1531 222 1584 Nic.
244 1531 396 1585 Heinsius:
424 1532 577 1582 Gronovius
599 1530 692 1582 Sectos
715 1532 791 1597 legis.
843 1534 878 1586 In
904 1534 988 1590 libri.

47 1600 114 1653 ditis
132 1599 275 1652 Gronovii
293 1618 352 1657 non
368 1598 490 1652 memini
507 1598 658 1667 reperisse:
677 1614 778 1651 verum
795 1600 852 1654 hoe
869 1602 915 1655 rel
925 1605 984 1658 col·

47 1668 128 1749 squio
153 1667 199 1720 vel
222 1685 275 1737 per
292 1668 449 1747 Epistolom
473 1682 540 1717 cum
558 1667 675 1718 Heinsio
700 1671 909 1725 communicari
954 1692 985 1726 o·

47 1747 94 1793 nit.
149 1737 284 1789 Ceterum
301 1753 363 1788 vtro
380 1735 467 1805 longe
484 1735 644 1786 acutissimo
664 1752 722 1786 non
740 1737 834 1804 potuit
852 1756 912 1792 non
929 1692 985 1795 tiis·

47 1806 142 1859 tinere
159 1805 246 1859 lectio
269 1804 394 1874 vulgata.
447 1804 592 1872 Quorsum
618 1801 697 1855 enirn
718 1807 798 1867 sectis
820 1809 985 1876 unguibus?

47 1892 93 1928 em
114 1874 170 1928 tibi
194 1874 293 1927 dicent
316 1874 499 1943 interpretes,
529 1871 628 1922 festive
663 1870 769 1942 oppido
794 1872 851 1925 hoc
876 1874 987 1929 dictum

47 1962 102 1997 sse:
135 1952 168 1994 ut
192 1951 272 1995 notet
295 1943 442 2013 virginum
464 1941 689 2010 repugnantium
703 1939 824 2010 apronia
842 1960 901 1995 non
918 1964 986 2000 rere

47 2029 105 2078 ese,
124 2013 174 2065 sed
193 2009 342 2065 simulato:
362 2010 427 2062 ideo
448 2009 527 2062 enim
546 2009 602 2061 sihi
622 2025 731 2079 ungues
746 2026 858 2077 secere,
879 2029 917 2066 ne
935 2033 986 2069 ora
1054 2016 1057 2021 “

47 2089 129 2133 ecent
149 2081 332 2134 amatoribus.
368 2081 449 2132 Itane
465 2078 554 2131 voro?
577 2096 613 2129 on
633 2088 663 2129 et
681 2078 747 2130 ideo
767 2077 894 2150 eddidit,
916 2086 986 2135 acii·

48 2168 89 2215 m,
113 2156 221 2202 uttam
240 2149 373 2201 festivum
390 2148 446 2199 hoo
466 2144 726 2216 deprenderemus?
760 2148 833 2200 Sene
851 2150 876 2203 si
896 2168 986 2221 usque

47 2218 102 2270 deo
120 2227 188 2269 sunt
206 2236 294 2283 acres,
326 2219 385 2269 iarn
404 2216 567 2286 periculum
587 2216 655 2283 erit,
680 2232 718 2267 ne
737 2217 811 2269 serio
829 2228 858 2270 et
874 2219 984 2276 infestis

47 2286 175 2357 nguibus
193 2285 224 2336 in
243 2285 339 2338 oculos
356 2285 495 2336 involent.
517 2280 646 2353 Propert.
666 2286 725 2353 111,
748 2286 773 2338 6.

99 2355 167 2405 Cum
176 2354 331 2421 furibunda
348 2373 419 2413 mero
437 2372 555 2403 mensam
572 2353 710 2420 percellis,
730 2355 798 2405 etin
821 2373 863 2410 me

134 2424 251 2473 Proit'ct's
266 2425 363 2474 insana
382 2423 486 2490 cymbia
500 2422 581 2488 plena
599 2440 688 2471 manu.

101 2492 145 2542 Tu
163 2510 226 2542 vero
244 2506 350 2543 nostros
367 2493 456 2541 audax
472 2491 569 2540 invade
584 2490 706 2555 capillos,

135 2563 173 2611 Et
192 2578 251 2611 mea
261 2560 392 2626 formosis
409 2560 544 2627 unguibus
560 2575 608 2608 ora
625 2571 697 2625 stota.

47 2630 119 2683 tvid.
139 2628 260 2681 Oenone
277 2631 340 2682 Par.
518 2672 520 2679 .

97 2698 133 2748 Id
154 2715 254 2765 quoque
274 2697 415 2755 luctando;
435 2696 496 2760 rupi
514 2706 602 2742 tanim
619 2711 707 2759 ungue
726 2696 855 2762 capillum

137 2762 245 2833 Oraque
261 2780 323 2817 sunt
343 2764 437 2833 digitis
455 2781 550 2830 aspera
560 2761 642 2829 sacta
660 2766 735 2813 meis.

48 2844 90 2888 rt.
112 2833 157 2902 Il,
179 2847 238 2899 451.

99 2904 155 2953 Ille
174 2919 223 2968 ego
238 2904 302 2966 sim,
322 2906 398 2955 cuius
416 2907 499 2956 laniet
510 2905 624 2972 furiosa
641 2901 770 2968 capillos:

135 2970 189 3020 Itt'e
210 2989 258 3038 ego
274 2974 340 3036 sim,
360 2985 465 3025 teneras
483 2978 526 3024 cui
543 2987 616 3040 petat
635 2988 720 3036 tangue
739 2989 833 3038 genas.
849 2987 852 2995 '

48 3040 208 3095 laudiauus
228 3040 259 3090 in
278 3040 403 3107 Epithal.
424 3043 547 3095 Palladii
565 3052 593 3094 et
612 3039 773 3098 Celerinae.

306 3113 418 3160 concede
439 3115 535 3162 marito

101 3179 145 3229 'l'u
163 3195 280 3246 quoque,
298 3195 345 3228 nec
363 3180 503 3247 Scythicas
520 3179 633 3248 infensis
650 3179 784 3246 unguibus
802 3178 859 3230 iras

99 3250 232 3298 Exercere
250 3246 326 3297 velis.

48 3316 93 3368 [am
120 3316 215 3383 vides,
246 3331 304 3366 non
329 3316 408 3365 sectis
432 3315 542 3382 iocose,
573 3315 621 3367 sed
645 3332 711 3368 vere
736 3315 819 3369 iratis
843 3316 989 3386 unguibus

48 3393 195 3437 matorum
213 3399 263 3435 ora
282 3381 455 3435 lacerabant.
510 3385 608 3452 Neque
626 3393 723 3437 tamen
742 3385 806 3454 pori
825 3384 875 3438 hic
894 3386 989 3437 felici-

48 3462 91 3504 ne
106 3461 233 3505 versatus
251 3460 291 3503 est
309 3453 485 3518 Gronovius,
505 3470 537 3504 ac
556 3453 625 3504 alins
643 3453 812 3522 plerumque
830 3453 909 3506 solet.
931 3457 990 3505 Sec-

48 3532 80 3570 tos
95 3523 220 3584 iuvenes,
239 3528 267 3571 et
285 3521 367 3573 Acres
383 3522 518 3589 unguibus
536 3522 566 3571 in
582 3524 705 3587 iuvenes,
723 3539 781 3572 non
798 3523 914 3590 sepiunt
933 3522 992 3573 ele-

48 3590 164 3654 sunam
183 3589 290 3645 Flacci.
327 3589 405 3661 Quid
423 3589 501 3660 quod
519 3592 662 3654 secundos,
677 3624 679 3629 ·
689 3589 784 3663 potius
802 3606 891 3664 quem
907 3602 994 3643 sectos
