2250 3990
266 177 465 221 eunuounia
497 178 579 229 ura..
603 158 634 230 1,
670 174 703 235 4.
904 166 977 230 459.

49 246 120 335 utus
132 258 260 381 ἓρξᾶῇοο
276 262 340 335 Act.
358 261 391 347 ii,
410 260 455 313 Sc.
475 278 499 327 ⁸.-
534 260 817 347 nequamneuam
831 261 971 333 Peripha·

49 340 114 453 'Pi
124 329 207 465 Qtiid
198 345 316 465 jlictiiiciii
316 344 408 448 1iiiiiitr
423 398 556 465 primum,
573 414 641 477 quae
658 392 786 449 emta'est
802 400 973 461 nudiuster-

74 534 177 589 Ft'iiam
194 552 281 587 meam
300 534 388 601 dicere
405 534 484 586 erse?
519 479 684 586 Eltiiisbuits·
700 552 732 584 ea
741 534 860 601 fiducia.
973 566 977 573 -
1045 586 1048 597 ,

73 604 110 657 Ρ.
125 604 179 655 Ain
195 604 247 655 tu?
281 602 399 667 Libuit?
432 605 472 655 Ε.
493 604 560 655 Aio:
579 602 621 682 vel
638 602 674 652 tia
689 604 803 671 pignus,
822 602 865 655 Ni
882 621 915 655 ea
934 604 972 657 sit
1042 602 1046 609 ’

76 740 109 793 Ρ.
129 738 220 807 Quam
236 750 319 807 negat
336 739 443 791 novisse
460 670 638 791 materiqhii.
657 738 700 790 Ni
716 758 779 807 ergo
798 741 893 791 matris
902 738 973 807 filia

76 878 114 929 In
130 894 217 927 meum
233 891 395 942 nummum,
409 852 443 926 'iu
459 887 535 925 tuum
556 822 707 943 Ci'sstl'eutum
725 862 825 945 pireus
841 838 886 927 da.
898 826 911 869 *.

67 953 200 1015 utsupra
217 944 351 1015 Crispino
378 951 530 1013 egestatem
554 944 749 1015 exprobrarit,
779 944 870 997 Serra.
890 944 920 1013 1,
946 960 974 1015 ς.

48 1022 124 1133 ³it⁸¹e
141 1081 252 1149 longum
264 1078 382 1147 fatiam,
399 1082 463 1133 dum
481 1093 510 1133 eu
527 1080 684 1151 quadrante
701 1080 823 1133 lavatum

77 1148 139 1201 Res
155 1150 207 1201 ibis
212 1169 223 1210 ;
240 1168 322 1219 neque
341 1162 366 1201 te
383 1152 523 1220 quisquam
540 1151 656 1218 stipator
672 1152 792 1219 ineptum
894 1205 896 1211 ,
993 1184 998 1194 ι

78 1218 191 1271 Praeter
209 1216 375 1287 Crispinum
393 1218 546 1270 sectabitur.
991 1224 999 1277 t
1044 1246 1049 1251 ·

48 1302 102 1339 rro
120 1288 229 1337 minimo
246 1295 398 1339 etnurnmo
423 1283 510 1339 facile
530 1303 547 1338 a
564 1284 703 1337 Librariis
721 1287 861 1341 contundi
882 1298 976 1343 osten·

73 1354 155 1409 locus
172 1354 317 1424 Suetonii,
344 1356 375 1407 in
393 1355 472 1407 Caes.
490 1371 515 1405 c.
532 1370 577 1421 5⁰.
612 1354 783 1419 Amplissimn
806 1359 918 1424 praetia
942 1375 976 1408 er

48 1424 183 1475 itionibus
211 1423 305 1475 bastae
334 1423 458 1475 minimo
490 1422 610 1473 addixit:
645 1422 695 1471 ubi
735 1428 829 1489 pierres
849 1424 978 1485 ¹codices

48 1508 120 1543 remo
138 1492 287 1559 exhibent,
316 1490 368 1542 alii
386 1492 505 1541 minimo.
546 1488 584 1539 Et
602 1488 771 1544 Torrentius
788 1494 906 1561 quidem
923 1495 978 1546 Ca·
1025 1484 1034 1499 '

48 1560 209 1629 ,bonusque
226 1560 367 1629 posterius
384 1563 556 1628 sequuntur:
582 1572 636 1623 ego
655 1572 732 1623 raro,
753 1558 776 1611 ei
797 1578 814 1609 a
832 1562 917 1613 tantis
936 1564 978 1613 vi-

79 1628 240 1761 disiiimm'
254 1627 339 1747 lipiet,
368 1626 449 1697 prius
472 1623 677 1693 praetulerim
707 1634 740 1677 ut
765 1628 868 1681 Noster
891 1628 979 1699 plane

47 1711 107 1750 rtu-
204 1710 262 1747 .1u
302 1710 337 1747 ut·
601 1716 610 1735 ·-

85 1764 139 1814 Dic
156 1711 280 1829 es⁵parte
298 1734 354 1827 tuti,
371 1779 419 1813 seu
429 1759 523 1828 fluuii,
541 1761 598 1811 sive
616 1762 689 1813 domi
706 1764 745 1814 sit

85 1833 189 1896 Etutor,
208 1832 370 1898 gaudentem
387 1846 505 1883 nummo
524 1842 548 1879 te
563 1829 710 1883 addicere.
820 1830 824 1835 ’

47 1896 146 1953 [erius
163 1900 241 1951 Mar.
260 1902 292 1966 V,
315 1916 339 1967 e,
362 1902 404 1951 io.
444 1900 480 1949 Ut
497 1900 667 1965 exequiarum
686 1914 832 1967 apparatus
850 1901 979 1955 sennua

47 1984 136 2022 rnmo
154 1968 223 2038 ipsis
242 1966 452 2020 addicerentur.
487 1966 685 2035 Quintilianus
702 1968 792 2021 Instit.
810 1970 859 2036 xi,
881 1983 906 2037 3.
942 1972 981 2023 Ee

47 2055 77 2089 n
94 2038 163 2089 bona
184 2038 213 2087 0.
232 2037 344 2087 Rubirii
369 2046 427 2087 uno
443 2035 571 2087 sestertio
591 2035 713 2103 addicit,
741 2034 769 2099 ΙΟ
792 2056 879 2089 tntum
902 2042 979 2089 mise-
1034 2090 1040 2107 ,

47 2122 78 2156 vt
105 2107 277 2173 acerbumque
299 2104 479 2172 praeconium.
520 2104 577 2155 Ubi
603 2121 655 2171 pro
680 2122 733 2157 uno
747 2100 859 2161 'itidem
883 2106 980 2174 legen·

47 2192 88 2229 :n
113 2184 154 2228 est
178 2191 293 2225 nummo.
343 2172 458 2242 Quippe
481 2188 515 2223 er
534 2170 676 2225 Cicerone
699 2173 771 2225 haec
797 2176 885 2242 petita
902 2184 978 2245 suntg

47 2242 215 2299 o'btabirio
241 2242 388 2307 Postumo,
418 2256 442 2291 c.
470 2254 510 2311 ιγ.
546 2242 647 2311 Ecquis
670 2256 710 2293 est
728 2262 761 2293 ea
779 2256 854 2294 tanto
870 2246 980 2311 populo,

46 2312 67 2361 ἰ
91 2315 159 2364 baua
176 2313 206 2362 C.
228 2311 338 2363 Rabirii
358 2308 478 2362 Postumi
500 2324 620 2361 nummo
645 2312 774 2363 sestertio
799 2312 854 2363 sibi
882 2312 980 2364 addici

46 2378 109 2433 iit?
125 2406 157 2421 v·
175 2407 210 2418 -
229 2392 291 2443 tua,
312 2378 444 2441 Postume,
461 2392 580 2428 nummo
597 2381 725 2431 sestertio
744 2394 761 2431 a
779 2397 826 2431 nte
843 2381 980 2432 addicun-

46 2452 88 2503 t?
125 2447 252 2501 Omeum
268 2455 323 2499 etc.
360 2446 466 2499 Seneca
491 2445 580 2525 Epist.
598 2446 680 2497 XCV.
713 2448 851 2511 Divitiae,
879 2450 980 2514 gratia,

46 2517 148 2581 tentia,
167 2516 294 2570 sestertio
315 2532 434 2569 nummo
453 2515 621 2563 aestimanda
639 2527 710 2565 sunt.
753 2514 894 2567 Gruterus
920 2522 980 2583 508,

81 2588 117 2639 H.
135 2585 162 2637 S.
181 2586 216 2636 Ν.
234 2584 267 2635 L.
285 2582 516 2637 noutt'rtouls
534 2582 650 2635 CAUSA
668 2582 873 2634 structu...
901 2584 983 2653 Quae

46 2668 62 2705 2
81 2652 247 2706 extricando
264 2661 293 2703 et
308 2652 562 2721 supplendasunt,
590 2652 717 2701 Sestertio
734 2668 841 2701 nummo
860 2652 983 2703 donatio·

46 2742 65 2775 s·
81 2742 164 2775 casua
181 2723 314 2788 mancipio
332 2720 414 2771 desiit.
440 2718 585 2771 Vitruvius
604 2720 627 2786 t,
646 2730 673 2784 4.
701 2718 895 2787 Constituitque
913 2738 984 2771 moe-

47 2812 86 2860 α,
108 2806 135 2843 et
152 2808 230 2842 areas
245 2790 352 2856 divisit,
373 2803 548 2856 nummoque
565 2786 691 2839 sestertio
707 2787 825 2853 singuiis
842 2790 984 2857 manicipi-

46 2878 70 2915 ts
87 2861 222 2927 ritcincipio
242 2860 324 2910 dedit.
367 2858 456 2909 Recte
476 2872 543 2924 ergo
569 2855 644 2925 apud
661 2853 844 2923 Suetonium,
876 2874 983 2909 nummo

46 2929 144 2982 Misit:
162 2944 230 2981 num
247 2928 324 2997 quod
341 2942 374 2979 ex
394 2925 519 2993 Digestis
535 2922 704 2975 Torrentius
721 2924 840 2989 obiicit,
858 2924 944 2996 xit„
957 2944 982 2994 2,

45 2996 65 3051 i.
86 3006 117 3050 et
133 2997 205 3062 XLI,
225 3014 249 3061 2,
272 3010 313 3050 10.
350 2994 565 3056 Conductiortrm,
583 3009 650 3059 quae
668 3010 719 3041 uno
738 3010 845 3043 nummo
857 2992 905 3059 fit,
924 2996 987 3045 nui·

45 3082 78 3118 tm
106 3084 178 3129 esse,
209 3065 272 3132 attia
294 3065 448 3115 donationis
471 3063 556 3112 instar
580 3061 699 3121 inductu
738 3058 769 3112 id
793 3059 910 3113 levioris
927 3079 987 3115 nto·

45 3136 115 3188 tenti
135 3143 184 3185 est.
228 3132 347 3183 Certum
366 3140 406 3183 est
425 3130 519 3197 enim,
548 3130 725 3197 temporibus
750 3126 812 3181 istie
838 3130 986 3197 emtiones,

45 3219 97 3258 uae
116 3218 237 3254 nummo
255 3199 382 3251 sestertio
400 3200 517 3265 tierent,
543 3206 617 3250 retas
634 3197 785 3267 firmesque
805 3196 900 3249 ittisse.
935 3200 989 3249 ct·
1047 3222 1050 3227 ·

45 3288 120 3325 erum
140 3268 246 3339 siquis
267 3268 405 3321 obstinate
425 3265 502 3336 apud
520 3266 657 3319 Flaccum
674 3266 800 3317 retinere
824 3264 912 3334 velit,
940 3268 990 3315 mi-

45 3342 99 3393 imo
116 3358 157 3391 me
175 3350 319 3405 prouocat;
343 3337 366 3387 is
383 3335 484 3389 saltent
500 3352 560 3387 non
578 3334 613 3385 de
630 3334 717 3399 digito
734 3334 867 3403 accipiet,
886 3332 936 3385 sed
954 3334 989 3385 de

45 3410 158 3461 iiissimo
177 3409 299 3477 pignore,
317 3405 401 3474 quale
419 3403 563 3457 sestertius
580 3418 715 3454 nummus
733 3412 782 3455 est.
818 3404 862 3453 Ite
879 3402 989 3471 Digest.

45 3478 73 3547 Ι,
106 3490 153 3543 15,
185 3490 210 3543 3.
253 3474 380 3537 Debitor,
409 3476 485 3524 cuius
503 3464 602 3539 pignus
624 3468 897 3543 oreditor'dirtrasit,
927 3488 986 3519 cum

45 3548 155 3611 taenio,
185 3545 232 3613 qui
248 3561 276 3595 se
293 3544 442 3611 legitimum
453 3601 456 3608 Ι
467 3542 606 3592 creditoris
629 3538 770 3591 haeredem
787 3556 843 3591 esse
860 3537 987 3603 iactabat,
