2228 3900
60 199 64 207 ἢ
106 135 168 183 111
260 196 263 211 .
471 111 695 187 stauratio.

104 225 224 306 pagins
247 221 461 305 posuerimuss
495 224 576 285 adeo
602 237 639 287 ut
666 228 745 285 unol
761 220 863 285 lector
892 233 1065 304 conspectu

103 322 173 371 tam
205 310 437 371 novam'heno
468 330 565 390 quam
598 312 773 390 superiores
808 309 964 369 editiones
995 330 1064 372 non

86 394 173 461 stus
200 416 317 476 magno
344 417 400 456 suo
422 396 594 456 commodo
615 409 647 457 et
668 396 827 475 voluptate
849 397 1061 476 contemplari

103 494 210 562 queat·
263 483 308 541 Ut
335 485 424 543 enim
447 483 540 543 stulta
570 501 683 543 eorum
703 483 884 561 superstitio
905 494 968 557 est,
1004 484 1061 562 qui

23 586 25 590 ·
101 568 187 630 nihil
210 571 378 648 quicquam
400 571 437 628 in
459 569 619 629 Contextu
639 570 749 629 novari
770 567 895 637 volunt,
921 570 1059 633 manile-

101 656 274 715 ctissimum
290 656 337 714 'sit
358 655 435 715 licet
462 656 753 733 certissimumque3
788 653 831 713 ite
862 672 966 713 rursus
994 656 1059 715 im-

93 742 265 823 probanda
287 753 333 801 est
354 753 386 800 et
407 760 479 817 non
507 739 640 809 ferenda
668 741 813 804 aliorum
832 737 969 812 fiducia„
1002 741 1059 819 qui

69 825 74 829 ’
100 827 186 901 clam
206 829 378 886 immutare
398 828 568 906 quicquam
586 839 620 886 et
640 825 831 906 interpolare
848 826 980 893 audent
1000 845 1059 885 ne-

29 952 33 963 ·
99 922 164 993 que
186 913 345 973 lectorem
363 913 402 973 de
425 930 462 973 ea
484 932 518 972 re
540 912 591 971 vel
611 913 706 973 verbo
726 913 913 981 admonent.
958 912 1058 971 Porro

97 1002 209 1059 autein
239 998 490 1078 Orthograplrias
518 1000 677 1059 rationem
704 999 826 1059 institui
855 998 893 1057 ad
923 999 1057 1083 Augusti

97 1086 219 1144 saeculi
240 1103 406 1156 normam,
443 1103 524 1164 quae
550 1104 591 1144 ex
618 1083 894 1164 Inscriptisnibus,
928 1085 1056 1157 Numis,

96 1170 390 1252 vetustioribusque
410 1166 610 1230 Membranis
629 1171 756 1231 abunde
778 1183 913 1243 constat,
943 1190 1057 1250 quam

94 1276 158 1337 que
178 1268 211 1317 et
232 1257 290 1317 alii
311 1258 554 1338 etpraesertim
574 1257 652 1318 Nic.
674 1256 873 1325 Heinsius
862 1276 899 1317 sn
920 1256 1055 1336 Virgilio

94 1363 152 1403 suo
176 1355 301 1403 secutus
323 1355 379 1406 est.
422 1341 505 1423 Ergo
527 1355 652 1423 praeter
670 1341 808 1425 Volgus,
831 1343 968 1412 Divom,
993 1343 1055 1403 In·

91 1431 190 1512 pius,
231 1430 420 1510 conpesce,
457 1441 490 1489 et
511 1441 616 1489 cetera
644 1429 824 1497 eiusmodi,
854 1430 1053 1490 Accusativos

92 1516 252 1597 plurales,
286 1517 344 1578 ubi
366 1515 509 1579 Genitiri
530 1516 565 1574 in
594 1514 672 1577 Ium
701 1527 840 1584 exeunt,
878 1516 914 1579 in
937 1515 974 1576 Is
996 1514 1053 1579 hie

92 1603 279 1663 terminatos
308 1601 416 1664 hebes.
479 1601 597 1672 Urbis,
635 1602 760 1673 Auris,
797 1601 933 1661 Omnis:-
969 1619 1051 1680 quae

27 1756 36 1771 l
92 1689 203 1751 omnia
224 1709 280 1748 me
304 1689 340 1748 in
364 1686 598 1768 antiquioribus
627 1685 735 1750 Flacci
761 1685 930 1747 Codicibm
959 1705 1050 1787 repe

89 1777 165 1837 risse
191 1773 256 1853 fide
283 1775 404 1859 optima
432 1774 539 1834 testari
565 1792 703 1853 possum.
747 1770 861 1873 Neque
887 1791 985 1845 vero,
1013 1772 1052 1837 in

89 1859 155 1921 Po.n
139 1863 196 1921 etis
214 1862 417 1940 praesertim,
441 1859 636 1923 dissimulari
656 1860 690 1921 id
712 1860 866 1939 oportuit,
894 1878 988 1929 cum,
1011 1872 1050 1923 ut

90 1964 132 2007 ex
147 1946 260 2006 Gellio
271 1960 303 2006 et
316 1946 448 2005 aliunde
469 1957 585 2004 notum
607 1956 666 2016 est,
689 1944 847 2009 iudicium
860 1943 1050 2013 artificium·

89 2050 152 2112 que
181 2033 337 2113 scriptoris
357 2048 568 2111 versuumque
590 2031 738 2097 suavitas
751 2029 873 2092 inillis
893 2032 1049 2105 termina·

88 2117 229 2179 tionibus
251 2120 443 2199 plerumque
456 2127 623 2197 spectetur
658 2116 856 2179 Carmiuum
871 2136 953 2188 tero,
976 2137 1046 2179 non

91 2205 264 2276 Odarum3
289 2205 502 2277 Sermonum,
519 2222 585 2261 non
600 2203 803 2267 Satirarum
817 2201 930 2272 libros3
949 2213 1045 2304 atque.

23 2298 26 2303 '
86 2290 123 2351 in
147 2288 207 2349 his
213 2290 356 2370 singulos
378 2307 516 2369 quosque
538 2287 715 2349 Sermones·
728 2288 920 2367 Eclogos
909 2293 1045 2370 inscrip-

85 2377 198 2445 simus3
223 2387 257 2435 et
276 2374 542 2443 Membranarum
565 2388 597 2435 et
619 2373 911 2436 Grammaticorum
934 2387 1045 2437 aucto·

84 2465 214 2523 ritatem
227 2473 369 2523 veterum
383 2462 492 2523 secuti
517 2460 732 2539 Eologorum
743 2479 819 2521 sane
832 2463 966 2523 nomine
979 2461 1043 2523 sit-

84 2565 135 2607 ras
152 2560 229 2608 'suas
255 2548 423 2631 appellavit
444 2546 573 2618 Statius,
608 2545 807 2607 praefatione
828 2545 904 2609 libri
927 2548 983 2607 Ill.
1007 2561 1041 2611 et

32 2698 35 2703 .
80 2632 143 2705 1l⁷3
163 2635 241 2712 quin
260 2648 292 2693 et
302 2635 411 2695 Flacci
421 2632 594 2714 Epistolam
607 2631 785 2702 Suetonius,
808 2630 948 2693 Carmen
966 2653 1040 2693 vero

79 2722 239 2783 Ausonius
260 2721 296 2781 in
318 2720 515 2800 praefatione
536 2717 664 2799 Griphi,
686 2719 855 2799 Eciogam
874 2738 1039 2799 nuncupa-

78 2818 166 2868 runt.
210 2805 378 2867 Nimirum
403 2807 496 2867 omni
519 2805 607 2866 brevi
626 2804 794 2867 Poimatio.
820 2804 853 2869 id
882 2803 963 2865 olim
978 2803 1039 2881 ¹lvo·

79 2892 232 2954 sabulum
252 2891 439 2961 indebatnr3
473 2904 511 2952 ut
536 2910 579 2951 ex
609 2889 658 2950 his
677 2890 777 2952 Plinii
797 2901 918 2951 constat
936 2889 1037 2970 Epist.

77 2978 133 3045 lv,
159 2995 208 3055 14.
260 2978 371 3040 Unum
393 2978 485 3040 iilud
503 2976 778 3059 praedicendum
799 2976 958 3047 videtur,
981 2999 1036 3039 co·

78 3066 200 3144 gitare
220 3084 273 3125 mc
301 3065 366 3124 iras
391 3084 509 3142 nugas
536 3064 756 3134 inscribere,¹
776 3061 1034 3123 Hermaeum,-

78 3169 182 3219 uass,
207 3152 267 3231 qui
288 3150 416 3210 titulus
439 3151 514 3210 sola
536 3151 640 3221 metri
660 3148 740 3226 lege
761 3150 1030 3226 constringitur.

77 3234 232 3299 Proinde
252 3237 325 3297 sive
347 3234 632 3314 Epigrammata,
667 3237 740 3295 sive
769 3232 921 3315 idyllia,
956 3235 1032 3295 sive

75 3319 221 3400 Esloges,
257 3323 338 3381 'sive
373 3321 426 3393 (ut
460 3321 572 3394 multi)
609 3320 805 3389 Poimatio,
841 3339 901 3381 seu
936 3320 1031 3398 quod

71 3408 178 3469 ¹aliud
199 3408 379 3486 appellare
393 3407 571 3475 malueris,
594 3405 715 3467 licebit
731 3425 849 3469 voces:
870 3425 934 3484 ogo
950 3419 1030 3465 tarr·

67 3507 147 3555 turn
171 3492 497 3574 Heudocasyllabos
521 3503 675 3573 praesto.
730 3489 827 3554 Porro
848 3504 886 3557 ut
906 3489 1030 3553 Teren·
