2250 3990
69 254 142 351 '372
362 296 394 351 a.
435 292 599 335 nonani
635 291 770 336 nuncet

74 383 122 437 sis.
158 376 240 431 Solus
258 372 491 445 Magdalenensis
515 373 548 425 in
568 373 632 443 ipso
651 391 734 427 versu
758 368 925 447 perperam
950 382 988 430 tls

73 449 260 515 Dulcibusqua
279 445 414 511 alloquiis.
450 443 528 513 Ergo
546 440 601 493 hac
619 436 747 495 lectione
768 437 910 515 adnuisse,
929 456 988 499 'neu

75 519 120 571 sio
139 532 205 568 cum
223 513 430 582 interpretibus
450 510 653 590 explicandum
671 512 744 579 erit,
771 513 850 580 Vino¹
864 527 988 585 camuqu

77 587 175 654 loquiis
201 582 272 647 (sive
290 597 361 649 quae
381 579 508 649 alloquia
534 585 563 629 et
581 576 684 631 solatia
704 587 786 633 suntl
815 582 849 631 de
865 584 952 634 armis
970 602 988 635 a

77 657 193 711 monica.
230 651 264 701 Et
277 652 323 701 ‘sic
348 646 465 718 quidem
492 646 597 699 Graeci
619 642 812 713 παραμύθιον
837 648 977 719 utullus,

78 716 224 789 ραμύθιον
248 713 439 783 κακοπραγίας
459 723 513 766 etc.
542 714 692 783 alloquium
717 716 889 783 infortunii,
923 732 988 787 egen

73 789 133 863 fed
151 805 210 841 nou
231 788 334 856 opinor
351 794 411 835 tam
431 784 626 852 quaerendum
644 790 698 851 est,
727 784 803 853 quid
824 786 939 839 Graeci
961 783 988 839 ii

79 857 142 909 ausi
159 858 231 923 sint,
263 869 348 924 quam
372 851 443 921 quid
460 852 760 905 Romanorum.aures
778 855 947 908 severiores
963 873 988 925 pi

78 926 121 977 tic
138 922 269 993 accipere
286 921 403 991 possint.
439 920 538 990 Neque
563 936 631 975 vcro
657 936 750 972 unum
776 922 830 975 nic
848 920 988 983 adducunt

79 1010 148 1047 cum
164 990 261 1059 Latini
280 987 451 1057 scriptoris,
479 1005 535 1059 quo
561 990 745 1055 aegrimoniae
772 979 932 1061 alloquium
954 998 988 1045 in

79 1061 151 1115 mile
168 1059 237 1130 quid
254 1058 407 1129 reperitur.
442 1056 516 1109 Sene
540 1057 644 1126 alloqui
667 1057 831 1125 causatori,
849 1060 895 1119 ¹e't
911 1057 988 1129 alioqu

80 1139 110 1183 et
127 1129 255 1180 allocutio
274 1134 315 1177 est
334 1125 498 1176 consolatio:
530 1124 579 1177 sed
596 1142 630 1177 eu
647 1142 760 1195 semper
778 1125 826 1191 ud·
837 1144 986 1197 pessonam

79 1214 162 1269 gram
179 1196 359 1259 referuntur,
393 1208 552 1263 numquam
578 1194 622 1257 (ut
637 1192 687 1247 hic
704 1185 825 1259 solunt)
844 1194 883 1247 'sid
901 1194 988 1263 sepsit

78 1260 544 1399 “militiaitltllttltt
560 1260 807 1381 till‘titl‘⁰⁸⁰
823 1272 855 1327 ἰ
874 1260 985 1333 Μ·

726 1367 735 1396 l

154 1400 218 1451 Tibi
234 1399 426 1465 gratulandum
445 1410 492 1449 est.
668 1408 672 1413 '
746 1458 750 1465 Ι
859 1432 863 1437 -

131 1504 136 1515 .
182 1485 240 1518 uam
259 1479 288 1517 tu
305 1467 376 1535 quoa
393 1466 533 1517 minimum
542 1464 761 1536 facillimumque
778 1480 832 1535 ¹est,

57 1586 63 1595 ,
182 1554 217 1587 αα
233 1534 336 1587 solatus
354 1553 382 1585 es
395 1533 592 1588 allocutione?
777 1532 781 1539 “

80 1616 111 1662 et
128 1603 181 1658 illo
199 1603 283 1657 statii
300 1603 391 1657 Theb.
410 1603 458 1668 vl,
477 1603 519 1670 46.
557 1631 560 1635 -
630 1670 633 1674 ,

436 1672 540 1721 solatur
557 1670 687 1723 Adrastus

152 1739 295 1813 alloquiis
311 1740 461 1809 genitorem
477 1739 557 1797 ultro.

80 1822 112 1867 et
127 1812 167 1867 XI
201 1811 257 1880 196.
703 1870 706 1875 ,
879 1872 883 1879 ,

152 1854 283 1947 &ceperat
301 1890 327 1929 et
344 1878 399 1929 leni
415 1878 523 1946 genitor
540 1876 654 1929 mulcere
664 1872 807 1944 furentem

151 1948 216 2001 Allo
239 1948 294 1999 uio.

81 2020 115 2071 in
132 2017 192 2083 his,
212 1967 244 2067 iit
261 2013 354 2082 vides,
381 2031 440 2066 non
460 2012 563 2082 alloqui
578 2012 693 2078 luctum,
719 2002 988 2085 alloquisnroremii

81 2095 144 2139 turi
166 2084 213 2135 sed
231 2099 364 2152 personas
384 2083 512 2150 lugentes
533 2089 561 2132 et
577 2082 713 2135 furentes.
745 2086 788 2137 Ut
808 2086 937 2155 profesto
953 2100 988 2137 m

81 2170 116 2204 ex
134 2152 250 2217 linguae
268 2149 387 2201 Latinae
404 2164 457 2200 usu
476 2150 581 2217 fuerit3
610 2151 634 2203 si
659 2164 684 2202 et
707 2150 754 2204 vel
778 2170 812 2203 oc
838 2152 979 2207 interiecto

82 2219 239 2287 legeretur,

152 2286 217 2336 illic
236 2302 312 2335 omne
330 2283 431 2335 malum
448 2286 512 2336 uino
531 2298 661 2356 cantuque
680 2286 768 2337 lcnalo

184 2354 323 2418 Deformis
341 2354 531 2420 aegrimoniae,
551 2373 583 2407 nc
603 2356 723 2405 dulcibus
742 2356 881 2425 alloquiis.

82 2425 121 2477 Et
139 2421 225 2474 facile
243 2422 359 2490 quidem
380 2423 432 2471 Ac
457 2439 473 2472 a
492 2424 727 2490 praecedentibus
751 2424 774 2473 Α
792 2444 806 2474 e
833 2422 988 2477 absorberi*

82 2499 194 2557 terant3
223 2498 251 2540 et
270 2484 379 2559 alioqui
398 2488 525 2543 solemne
551 2501 592 2542 est
610 2490 750 2543 Libroriis
768 2488 904 2544 omittere
926 2483 988 2563 perti

82 2561 141 2628 las,
173 2559 223 2611 ubi
249 2558 281 2608 in
309 2575 402 2610 versus
428 2564 576 2611 scansione
599 2560 773 2611 necessariae
794 2580 855 2613 ison
879 2570 950 2613 sunt.
979 2560 988 2611 l

83 2639 179 2683 autem
199 2626 370 2679 constructio
389 2628 459 2695 erit,
494 2628 558 2678 Illic
582 2629 669 2677 leuato
694 2646 770 2679 oscine
789 2630 900 2680 malum·
920 2628 988 2697 aegris

82 2701 146 2749 nica
168 2700 231 2747 vino
257 2709 386 2761 cantuque
411 2715 442 2746 ac
464 2696 586 2747 clislcilms
611 2696 744 2765 alloquiis.
781 2696 894 2749 Malum
918 2696 988 2767 aegris

81 2766 154 2832 auiae,
171 2774 205 2816 ut
222 2764 317 2816 Garun.
336 2764 370 2832 Il,
392 2782 431 2831 ¹5·

437 2834 505 2883 diora
524 2832 614 2897 navis,

152 2899 231 2949 Dura
247 2900 332 2969 fugae
353 2899 437 2966 molo,
459 2901 529 2951 dssro'
548 2900 625 2952 belli.
763 2960 767 2965 ¹

83 2967 216 3019 Dulcibus
233 2987 300 3021 vero
320 2971 445 3037 alloquiis
462 2970 531 3037 quid
550 2968 598 3021 hic
617 2967 762 3035 denotent,
782 2968 846 3023 iam
867 2970 988 3027 considet

83 3036 162 3087 dum.
198 3037 233 3086 Et
251 3038 345 3106 primo
364 3038 515 3089 oonnnode
533 3036 716 3106 interpretari
736 3040 842 3108 possis,
866 3044 983 3095 dulcibus

84 3104 195 3155 delium
213 3105 355 3172 alloquiis‚·
383 3108 570 3174 nequeenim
589 3106 677 3172 solus,
704 3106 825 3179 opinus,
854 3120 885 3161 et
903 3114 988 3164 sinet

85 3173 149 3224 viva
166 3174 227 3221 uino
245 3190 274 3223 se
292 3174 456 3226 invitaverit
473 3174 608 3226 Achilles.
645 3175 759 3243 Quippe
778 3176 886 3233 iocosis
908 3176 988 3233 sodali

85 3240 364 3293 coisfahulationibus
391 3242 535 3294 miscenda
563 3252 591 3293 et
619 3245 808 3311 temperanda
833 3258 920 3303 erunt
944 3244 988 3301 But

85 3324 219 3360 munerat
237 3318 269 3359 ut
289 3310 389 3361 Noster
407 3308 502 3362 carm.
523 3310 545 3376 Ι,
566 3326 608 3381 27.

389 3380 460 3430 dicat
479 3374 504 3430 O
523 3382 612 3430 untias

94 3454 97 3459 '
154 3442 251 3494 Frater
266 3442 409 3513 Megilloe,
428 3467 478 3517 quo
497 3398 589 3499 iiam

190 3511 311 3577 l'ulnem,
331 3532 383 3581 qua
398 3531 488 3582 pereat
507 3520 616 3583 sagitta.
704 3546 708 3554 ·

151 3578 243 3631 Cessat
260 3583 407 3635 uoluntas?
426 3598 480 3637 nan
499 3586 556 3637 alia
574 3586 664 3640 hilam

183 3647 317 3703 Manae.
