2250 3990
112 192 177 258 342
329 174 334 202 ¹
364 264 367 269 ι
397 207 429 261 ρ.
464 204 624 249 aonsrrr
654 166 793 251 rnsccr'

114 279 180 343 nan's
196 302 262 353 sane
278 295 404 341 rostrum
422 289 575 341 triremibus
592 300 645 353 est,
677 304 708 341 os
723 306 780 339 non
797 298 847 341 est.
881 288 1016 343 Mosteni
1030 292 1066 345 bic

115 360 304 427 Interpzeses,
337 374 509 428 quamquam
526 357 595 412 alias
612 357 736 409 libenter
752 356 887 409 adversus
904 358 1068 433 Scaligeruu

115 427 277 506 insurgunt.
313 425 453 509 Equidem
472 426 581 479 fatebor
598 443 654 509 me·
668 424 744 544 aqud
761 426 912 480 nemiuem
931 428 1067 485 roenna

116 514 148 548 os
165 512 244 545 nauis
262 510 414 564 repensae:
441 511 535 575 neque
551 504 611 551 tam
631 512 691 547 suso
705 502 800 545 entem
820 496 1020 566 metaphoram
1034 516 1066 551 es·

117 578 225 629 casare,
244 562 352 614 nedum
368 564 507 617 admirari
523 580 645 633 possum,
674 562 745 616 Vide
823 578 870 633 en,
891 580 991 617 annon
1008 560 1080 619 forte

117 633 150 683 in
167 632 300 685 librarios
319 632 515 685 transferenda
531 632 568 685 sit
583 633 681 705 siquae
703 640 778 690 esto
811 648 866 703 pa,
894 634 948 707 qui
964 635 1066 691 asciae

119 708 165 753 ter
181 716 236 773 pro
254 716 318 751 aera
337 701 462 769 legerint
480 719 537 753 ora.
823 732 827 737 ·
1038 730 1043 743 ·

68 774 73 783 ¹
190 767 264 838 Quid
280 770 378 821 attinet
395 782 435 821 tot
452 786 517 821 aere
534 770 644 823 nauium
659 770 741 839 gravi
811 790 814 795 ·

226 838 359 891 Rostrata
374 841 437 890 duci
453 838 577 906 pondere.
1063 861 1067 871 ·

35 908 51 943 ⁴¹⁸
119 903 160 961 Ut
176 922 242 957 aera
260 918 376 958 rostrata
393 907 470 959 idem
487 907 571 959 sitae
588 919 675 959 rostra
694 918 805 959 aeratas
821 912 856 957 ut
871 904 950 959 illud
960 904 1067 977 Virgilii,-

160 972 164 977 ’
192 972 265 1041 Quot
280 978 355 1041 prius
371 984 483 1028 aeratae
500 987 629 1026 steterant
646 976 681 1025 ad
699 976 781 1027 litore
801 990 916 1045 prorae.

64 1056 73 1077 r
120 1040 224 1095 Rostra
237 1044 328 1095 ‘euim
354 1061 420 1095 aere
448 1044 561 1098 munite
591 1043 676 1097 fuisse
706 1044 888 1097 notissimum
917 1051 975 1104 ests
1005 1040 1065 1095 unis

121 1110 242 1162 Graecis
259 1126 343 1163 naves
359 1106 538 1181 χαλκέμβολοι
561 1112 744 1165 ahenirostree
768 1120 887 1167 vocatae
903 1119 979 1166 out.
1011 1114 1068 1167 Atre

122 1188 219 1233 autem
238 1182 356 1245 navum,
374 1190 406 1233 ut
424 1180 561 1248 Virgilius
579 1185 649 1232 Aen.
667 1182 712 1247 XI,
734 1198 794 1251 3²92

259 1258 262 1263 '
434 1248 504 1300 iacet
522 1251 609 1301 amnis
626 1251 660 1299 ad
680 1251 780 1301 undam

128 1330 131 1335 ’
189 1314 338 1367 Materies:
356 1316 411 1383 ipsi
428 1336 615 1385 nurnerumque
633 1320 788 1387 modumque
805 1315 916 1371 cannis

80 1440 84 1446 ,
159 1410 165 1423 x
190 1383 385 1465 Praecipiunt:
399 1403 449 1438 nos
465 1400 539 1455 aere,
560 1404 664 1454 manus,
683 1388 795 1440 navalia
812 1388 915 1439 demus.

280 1482 322 1553 V.
380 1506 424 1553 m
457 1506 650 1555 cummim
681 1507 920 1555 vannetensi.

155 1606 181 1647 1.
208 1593 243 1646 eit
264 1597 280 1644 d
298 1594 418 1645 Deorum
440 1594 565 1674 quicquid
590 1596 620 1645 in
644 1594 722 1646 caelo
737 1592 818 1662 regit]
857 1595 944 1667 Apud
971 1586 1069 1657 Diome

122 1661 190 1742 dem
213 1680 240 1734 p.
266 1674 326 1732 527·
350 1670 379 1716 et
401 1663 582 1717 Pr1scisnum
605 1679 728 1735 p-1105·
753 1663 795 1716 sic
820 1660 903 1719 locus
927 1664 982 1719 bic
997 1667 1068 1727 addu-

123 1739 201 1785 citur
766 1752 769 1757 ·

192 1772 226 1852 iit
243 1804 259 1851 ό
276 1802 395 1853 Deorum
412 1800 540 1872 quisquis
556 1803 587 1852 in
603 1800 677 1852 caelo
696 1798 780 1869 regis.

122 1868 209 1939 quale
226 1868 300 1922 illud
318 1870 442 1922 Senecae
458 1870 489 1922 in
509 1869 657 1941 Oedipode
674 1888 700 1921 v.
720 1874 780 1935 248.

84 1988 87 1993 ,
192 1938 326 2007 Quisquis
344 1939 472 1991 Deorum
490 1956 576 2006 regna
593 1939 716 2007 placatus
731 1937 811 1991 videt

123 2013 152 2056 et
169 2005 269 2057 Ovidii
290 2007 406 2057 Metam.
427 2008 450 2071 1,
472 2020 512 2067 32.

190 2075 234 2124 Sia
253 2074 299 2123 ubi
318 2075 482 2140 dispositam,
504 2074 630 2143 quisquis
640 2074 700 2141 fuit
719 2074 767 2124 ilie
786 2074 928 2143 Deorum,

188 2141 349 2209 §angariam
365 2145 457 2205 secuit,
477 2155 626 2210 sectamque
644 2144 673 2192 in
690 2144 807 2193 membro
820 2144 935 2211 redegit.

42 2274 45 2281 ἱ
122 2210 229 2260 Verum
243 2209 317 2259 illud
336 2210 453 2275 quisquis
465 2227 562 2262 omnes
580 2211 763 2263 membranae
781 2202 960 2279 amiserunt,
979 2228 1078 2266 sumnia

122 2292 260 2329 consensu
280 2278 442 2330 exhibentes
459 2281 594 2346 quicquid:
612 2289 697 2348 atque
720 2279 776 2330 hoo
794 2279 900 2333 melius
919 2292 972 2333 est.
1010 2280 1078 2349 Quis-

122 2347 184 2413 quis
206 2347 284 2399 enim
307 2363 398 2398 unum
421 2346 547 2417 aliquem
572 2349 700 2400 Deorum
723 2357 818 2417 notat,
847 2350 981 2421 areisquid
1002 2346 1078 2405 simsd

124 2429 232 2469 omncs.
267 2417 370 2468 Noster
389 2417 478 2467 Serm.
499 2418 521 2484 t,
540 2417 565 2468 6.
586 2435 611 2467 v.
633 2434 655 2467 1.
924 2434 927 2439 ·

191 2485 258 2537 Non
278 2487 349 2553 quia,
369 2485 524 2549 blacernas,
542 2485 688 2553 Lydorum
706 2482 845 2553 quicquid
861 2486 998 2540 Etntscos

192 2555 310 2604 incoluit
323 2553 406 2618 fines,
425 2571 501 2604 uento
518 2555 673 2620 generosior
690 2563 729 2602 est
745 2564 779 2602 te.

123 2628 152 2671 et
169 2622 269 2674 Livius
286 2623 394 2687 XXIII,
421 2639 445 2690 9.
483 2622 589 2671 Paucae
606 2620 688 2671 horae
705 2633 768 2671 sunt
785 2620 859 2669 intra
876 2638 946 2689 quas
968 2623 1082 2675 iurantes

57 2714 60 2719 ·
120 2707 168 2756 per
185 2691 322 2757 quicquid
339 2690 466 2741 Deorum
484 2699 539 2754 est,
568 2692 676 2740 dextrae
694 2690 801 2738 dextras
818 2688 979 2755 iungentes,
1004 2690 1083 2757 fidem

121 2758 317 2809 obstrinximus.
354 2759 433 2827 Quae
452 2758 508 2813 duo
527 2758 588 2811 loca
612 2776 629 2811 o
648 2756 812 2809 doctissimo
836 2756 984 2811 Lambino
1002 2774 1082 2829 appo·

120 2825 174 2877 site
192 2827 278 2878 citata
295 2834 368 2879 sunt.
404 2827 447 2876 De
466 2826 556 2878 altero
575 2826 644 2893 illo,
670 2829 741 2893 regis
752 2825 916 2892 legendum
935 2827 1029 2881 ait-an
1047 2845 1082 2879 re·

120 2896 177 2961 git,
205 2911 309 2963 magna
330 2894 464 2947 codicum
484 2895 618 2947 dissensio
639 2903 687 2946 est.
723 2894 811 2945 Pauci
836 2893 959 2962 quidem
980 2912 1015 2947 ex
1037 2912 1082 2948 no·

120 2963 200 3032 stris,
234 2972 319 3031 atque
343 2962 367 3012 ii
391 2964 566 3015 recentiores
592 2964 691 3030 Regis:
720 2962 816 3031 plures
839 2971 869 3013 et
885 2964 1016 3032 potiores
1034 2966 1083 3015 Re-

120 3033 178 3098 gis,
206 3040 238 3081 ut
255 3031 416 3097 Leidensis,
443 3032 627 3100 Reginensis,
653 3049 669 3081 a
684 3047 776 3087 ¹mama
793 3031 888 3099 prima
906 3033 1083 3085 Graevianut

121 3107 150 3150 et
164 3099 405 3165 Magdalenensis‚
426 3098 533 3170 aliique
552 3117 619 3151 cum
638 3103 749 3151 Acrone
768 3100 976 3170 manuscripto.
1014 3102 1084 3153 Gon·

120 3174 180 3234 tra,
209 3167 355 3218 Blandinii
375 3184 473 3220 omnes
492 3168 568 3237 apud
587 3167 747 3237 Cruquium
767 3170 836 3234 regit
843 3185 854 3229 ‚·
883 3176 972 3233 etque
990 3170 1032 3223 ita
1047 3170 1083 3221 ci·

119 3242 196 3287 tatur
213 3235 310 3288 Servio
331 3235 364 3287 ad
387 3239 453 3289 Aen.
475 3238 537 3301 vlt,
574 3238 616 3303 65.
635 3245 663 3287 et
681 3238 728 3302 IX,
749 3250 813 3303 1443
832 3234 902 3304 quin
924 3244 955 3289 et
970 3239 1082 3291 Donato

120 3304 156 3357 ed
175 3304 304 3357 Terentii
322 3304 461 3356 Andriam
479 3308 540 3356 Act.
556 3254 613 3371 lv,
632 3305 675 3355 Sc.
697 3322 719 3356 ι.
740 3305 772 3354 iu
790 3304 935 3357 veteribus
952 3306 1083 3359 editioni-

119 3372 171 3421 bus
189 3390 255 3423 ann.
278 3383 358 3441 ¹485,
387 3384 466 3439 1488,
488 3387 569 3443 15033
596 3389 663 3425 nam
681 3373 854 3425 recentiores
871 3372 921 3423 bie
941 3374 1020 3427 male
1039 3376 1083 3425 lis·

118 3440 187 3491 bent
205 3443 324 3509 artisquis
342 3450 369 3490 et
394 3444 473 3507 regis.
510 3440 702 3562 Quiffigitm·
718 3443 788 3497 fiete
812 3449 841 3492 et
866 3440 984 3494 cuinam
1012 3440 1083 3515 porti

119 3510 308 3563 accedemus?
343 3509 496 3562 Torrentio
522 3510 571 3581 qui
593 3527 637 3562 em
657 3510 743 3578 Regis
766 3509 1082 3578 magisadblanditnr:

120 3577 197 3630 mihi
221 3581 310 3632 finum
334 3579 508 3651 firmumque
537 3587 578 3633 est
607 3580 690 3648 Regis
715 3579 751 3633 ab
774 3577 897 3633 Horatio
920 3580 1083 3651 proiectum
