2250 3990
329 203 545 245 csuurnuu·
561 202 638 269 ,irin
666 182 695 249 1.
779 204 784 219 ·
909 224 912 229 -
934 222 937 227 -
961 190 1005 253 25

54 302 105 340 am
124 283 317 343 discutiemus.
369 284 437 337 Siue
454 284 542 337 dubio
561 285 664 337 Noster
686 282 826 356 intelligit
844 288 1004 357 Argumen-

54 372 107 409 um
125 354 279 424 Odysseae:
300 362 333 405 ut
350 362 379 406 et
397 354 508 405 Pelidae
528 352 698 410 Stomachum
716 354 816 422 Μῆνιν
836 353 1003 425 Πηληϊάδεω

54 421 161 490 ὶχᾰῆος
180 422 244 481 sive,
258 423 353 475 Iliada
369 431 457 475 notet.
492 422 697 539 Recteiteque
713 422 868 493 odysseam
885 442 1004 478 vocave-

54 492 90 560 ie,
110 508 206 543 cursus
227 493 319 542 Ulixei
333 492 465 558 duplicis:
490 490 620 543 simodo
659 491 737 557 uples
749 492 845 545 virum
863 493 1004 547 callidum

54 568 71 611 ·t
86 568 238 612 versutum
255 558 403 628 significet.
425 560 473 611 Sic
492 558 572 619 euim
585 558 797 631 Auctorl’riop.
816 562 851 614 de
861 561 1002 630 Odyssea:

109 624 207 679 Altera
225 630 340 679 materia
358 641 397 678 est
414 645 490 677 error
506 626 633 679 fallentis
654 627 754 678 Ulixei.

55 696 115 749 ude
131 694 224 749 Statio
243 698 336 748 varius
353 696 444 749 dictus
462 703 505 747 ert
522 695 631 763 Ulixes,
651 694 757 749 Achill.
778 696 824 763 Π,
843 712 902 769 174.

79 790 86 797 ·
413 766 460 833 qui
478 764 580 815 callido
596 765 676 829 dono,

112 830 311 899 Graiorumque
327 831 418 897 dolos,
437 832 606 901 variumque
623 834 731 899 ignorat
752 832 859 883 Ulixen.
937 826 943 835 ¹

55 899 89 979 fia
103 898 172 951 aliis
190 897 301 951 dieitur
311 899 423 967 fallax,
440 900 547 968 pellax,
557 900 646 967 jurtis
664 914 750 970 uptus,
769 898 935 969 πολύμητις,
953 918 1004 955 πο·

55 982 214 1095 Ιωρὲὶιιοᾶῗὲς
230 1033 383 1114 motoiooe
400 1053 430 1089 τε
448 1031 549 1096 δόλους
568 1031 616 1089 uod
627 1031 724 1113 ntideo
740 1031 848 1114 atterend-¹
878 1003 882 1013 Ι

55 1104 87 1159 it
97 1120 168 1156 sene
187 1104 305 1156 Graecis
319 1104 435 1165 διπλοῦς
455 1097 527 1171 ἀνὴρ
545 1113 594 1172 est,
616 1121 666 1173 qui
679 1102 758 1187 qliud
769 1104 906 1174 loquitur,
926 1105 1006 1158 aliud

56 1172 143 1225 entit.
178 1173 271 1225 Nemo
288 1172 383 1224 tamen
402 1174 587 1238 Latinorum,
620 1182 737 1293 exceqvto
754 1174 780 1225 oi
799 1176 875 1225 forte
892 1174 1004 1243 Nostro,

56 1240 189 1292 eiusmodi
206 1240 354 1293 hominem
373 1242 507 1309 duplicem
525 1241 646 1295 vocavit.
718 1258 764 1295 om
781 1242 859 1312 quod
876 1242 1006 1297 Muretus
1041 1302 1044 1309 ,

56 1308 132 1363 dfert
150 1325 185 1360 ex
203 1308 316 1361 Catullo
332 1310 416 1379 Epig.
435 1308 528 1362 LXIX.

118 1376 196 1427 Nam
215 1377 282 1429 milii
301 1396 381 1446 quam
398 1379 500 1429 dederit
519 1375 626 1448 duplex
641 1374 803 1429 limatluesia
821 1394 921 1427 curam.

56 1444 131 1503 iliud
149 1444 237 1515 plene
256 1456 312 1510 est,
332 1456 360 1497 et
380 1445 416 1498 ud
433 1445 567 1512 duplicem
585 1463 677 1496 seeum
693 1445 795 1498 relerri
814 1445 914 1511 dehet,
938 1444 1007 1516 quia

56 1518 145 1569 lenus
164 1514 330 1566 Amathusia
347 1523 375 1566 et
392 1531 452 1567 mas
472 1522 501 1565 et
517 1514 629 1566 femina
645 1523 723 1579 arat;
738 1523 784 1579 ,ut
800 1522 879 1565 recte
895 1516 1009 1571 Vossius

56 1583 86 1636 ιὰ
103 1580 270 1650 Catullum,
300 1591 328 1633 et
352 1591 416 1635 ante
435 1590 501 1635 eum
519 1581 663 1635 Meureius
680 1582 712 1634 in
729 1582 824 1653 Cypro
842 1599 892 1634 sue
912 1582 963 1637 lib.
983 1585 1006 1651 Ι,

56 1668 78 1721 p.
96 1642 139 1715 8.'
178 1650 226 1703 Sic
245 1650 333 1705 statio
353 1651 511 1702 Centaurus
527 1650 651 1719 Hylaeue
675 1649 783 1703 dicitur
800 1651 912 1718 duplet,
940 1651 1010 1723 quia

56 1720 163 1791 partim
178 1718 281 1788 homo,
302 1719 408 1789 partim
427 1735 522 1787 equus.
560 1718 651 1769 Theb.
670 1718 724 1783 lv,
751 1734 807 1783 140.

71 1832 74 1837 .
119 1786 189 1839 Non
207 1789 286 1838 aliter
303 1788 388 1837 silvas
404 1786 522 1837 huuuris
540 1800 566 1836 et
582 1799 693 1852 utroque
711 1786 861 1853 refringens

91 1846 95 1857 ¹
123 1854 251 1920 Pectore,
277 1868 403 1907 montano
421 1854 526 1927 duplex
543 1854 665 1923 Hylaeus
682 1853 715 1905 ab
734 1852 812 1905 antro

121 1922 299 1992 Praecipitat.
599 1936 617 1965 ι·
982 1970 987 2005 Ι

57 1990 218 2047 Videndum
234 1993 331 2063 itaque
348 1990 416 2060 erit,
450 2009 487 2043 en
511 2008 603 2042 cursus
619 1990 737 2058 duplices
755 1988 905 2043 commodo
924 1991 1013 2045 iuter·

75 2060 167 2115 reteri
184 2077 279 2130 queas.
314 2061 371 2114 Ubi
388 2060 463 2112 illud
482 2061 609 2130 primum
622 2060 716 2130 quivis
727 2059 831 2126 videet,
851 2060 882 2110 iu
902 2062 1011 2115 eofulli

57 2080 260 2197 getulium,
288 2130 365 2199 quod
382 2148 475 2179 cursus
498 2129 617 2196 duplices
637 2130 741 2192 Ulixei,
768 2130 836 2201 itum
853 2141 878 2178 et
895 2132 1011 2182 reditum

57 2196 206 2265 intelligit.
261 2199 360 2267 Neque
377 2198 456 2249 enim
474 2197 625 2267 quicquam
642 2199 672 2248 in
694 2196 819 2267 Odyssea
836 2205 893 2264 est,
913 2198 949 2251 de
966 2201 1011 2251 itu

57 2266 158 2319 Ulixei
176 2266 212 2317 ad
229 2264 334 2327 llium3
352 2282 445 2335 neque
463 2266 494 2317 in
512 2283 546 2317 eo
566 2266 636 2317 alios
653 2281 835 2333 casuspassus
854 2276 895 2317 ert
905 2266 1009 2337 Ulixes,

58 2352 146 2407 qutun
164 2335 258 2404 quivis
276 2334 347 2386 elius
364 2336 488 2387 Ducum.
509 2334 661 2386 Meliorem
678 2336 752 2386 lorte
771 2335 848 2385 viam
865 2334 1009 2404 insistunt,

58 2404 110 2474 qui
130 2421 224 2453 cursus
239 2403 373 2467 duplices,
400 2403 477 2453 huuc
495 2418 547 2471 per
564 2419 643 2453 usare
666 2403 829 2468 internum,
857 2402 943 2456 illum
962 2423 1013 2474 per

58 2481 211 2525 externum
231 2472 288 2523 sive
306 2469 480 2523 Atlanticum
506 2471 747 2539 interpretandum
777 2485 846 2536 quos
871 2471 948 2523 iuter
971 2483 1012 2525 est

58 2538 302 2659 lraqcqulllossius
319 2539 383 2591 loco
402 2540 501 2606 citato,
520 2539 570 2607 qui
587 2539 643 2589 huc
660 2538 749 2591 trahil
767 2537 819 2589 illa
836 2539 953 2595 Manilii
972 2542 1009 2609 Il,

126 2626 141 2661 e
199 2623 260 2658 1xe·
445 2654 449 2667 ,

58 2625 83 2676 4.
127 2647 306 2742 Errorem'qua
326 2676 401 2725 ducis
419 2674 543 2736 tolidem,
567 2686 627 2741 quot
648 2675 763 2737 vicerat,
785 2675 865 2723 annis

131 2748 283 2793 instantem
304 2745 390 2807 bello,
409 2744 547 2815 geminata
565 2760 613 2808 pce·
632 2760 748 2809 aequora
768 2743 865 2791 Ponti:

60 2814 99 2867 Ee
114 2814 253 2880 geminata
271 2805 386 2881 aeqicofa
403 2828 436 2861 eu
453 2811 564 2861 ratione
588 2811 720 2877 exponit,
753 2826 808 2888 qua
829 2808 879 2861 hic
896 2810 1015 2875 duplices

61 2900 166 2933 cursus.
219 2879 273 2932 Sed
291 2897 360 2946 pace
378 2879 451 2931 tenti
468 2880 523 2932 viri
541 2877 679 2943 dixerim,
709 2877 783 2929 nitul
808 2895 842 2928 ex
860 2886 919 2930 tem
937 2896 1013 2931 meu·

63 2950 130 3003 doro
147 2949 212 3001 loco
230 2948 330 3018 colligi
348 2948 461 3018 poterit.
511 2946 588 3016 Quid
606 2946 685 2997 enim
703 2954 756 3013 est,
780 2965 895 2997 errorem
912 2950 1017 2999 instan-

62 3032 115 3070 tem
134 3017 227 3069 bello?
264 3018 300 3067 Et
318 3034 458 3085 quaenam
477 3032 563 3087 porro
582 3016 654 3065 bella
676 3014 761 3083 gessit
779 3014 876 3077 Ulixes¹
899 3033 950 3084 per
975 3016 1016 3069 al-

63 3095 160 3139 terum
178 3084 350 3151 deoefinium
367 3103 383 3137 a
400 3084 488 3137 Troia
507 3085 607 3153 capta?
629 3085 713 3133 Ponto
731 3085 818 3135 etiam
835 3082 940 3135 habeut
957 3101 1018 3137 ma·

65 3154 338 3223 uuseriptiomnec,
354 3154 441 3205 etiam
458 3153 621 3212 Vestianum
645 3160 674 3202 et
690 3168 745 3221 que
762 3153 819 3204 fide
837 3153 917 3202 Ponti
934 3168 1017 3205 exeo

66 3225 148 3291 citet,
170 3223 232 3292 ipse
249 3222 363 3274 viderit.
399 3222 429 3274 Si
447 3220 517 3289 quid
535 3220 566 3270 in
584 3237 617 3271 re
635 3237 725 3288 paene
743 3221 889 3291 deplorate
906 3230 1017 3275 teuton·

68 3290 131 3347 dum
150 3300 239 3354 osset,
258 3290 391 3359 equidem
410 3288 451 3340 sic
469 3289 561 3342 libens
578 3302 759 3356 reponerem:

133 3362 314 3427 Erroremque
331 3360 405 3411 ducis
423 3358 546 3422 totidem,
565 3370 628 3425 quot
637 3358 745 3423 fecerat
763 3358 842 3408 annis

138 3432 292 3481 Instantem
309 3427 394 3491 bello,
414 3440 438 3477 et
452 3430 588 3492 geminata
604 3427 726 3493 pericula
741 3440 832 3493 ponto.

74 3492 150 3549 certe
169 3495 385 3547 Gemblaoeusis
404 3511 470 3545 cum
487 3494 594 3545 duobus
611 3494 676 3547 eliis
693 3512 740 3561 per
757 3495 883 3560 agmina,
913 3493 1022 3545 Vossia-

76 3578 121 3621 ω
136 3582 207 3623 cum
224 3564 324 3629 tribus„
333 3563 399 3617 aliis
413 3580 462 3633 per
481 3581 612 3632 aequora5
628 3572 824 3637 ututrumque
836 3561 1024 3621 librariorum
