2250 3990
131 184 201 253 tm
292 204 296 209 ·
416 196 449 253 a.
486 194 650 240 noenu
684 196 814 267 raeces
889 244 892 249 ,
1007 256 1011 263 ¹
1104 243 1112 266 ,

135 286 247 341 librum
263 276 319 333 tihi
337 273 478 330 tradimus
496 278 568 330 lesco
587 276 631 329 val
652 291 805 350 occupato,
835 288 969 352 tempore
987 263 1115 358 fflffllssi

1105 351 1113 372 t

134 372 202 408 cnm
221 349 321 403 amicis
339 348 492 399 recitantes
512 345 606 415 tepide
632 363 663 397 ec
682 349 871 418 neglegenter
891 350 989 404 audiri
1007 346 1093 423 qiterl·

134 438 201 475 mur
220 432 258 477 tv.
277 429 349 483 224.)
369 415 415 467 uel
432 415 614 482 offendimur,
633 417 657 467 si
676 432 767 469 tinum
787 421 850 488 quis
870 434 987 471 versum
1005 387 1114 491 septb}

133 488 260 550 insudate
279 502 346 536 cum
365 499 510 563 speramus
526 484 596 550 lore,
618 488 656 543 (r.
676 487 748 546 226.)
767 498 798 536 ut
815 503 883 539 curn
903 488 1033 557 primunt
1046 489 1112 550 noti

132 558 262 613 seribere
279 553 418 618 audieris,
445 568 565 621 arcessas
584 550 676 621 ultro,
698 562 727 604 et
744 554 867 623 pecunie
885 556 935 607 vel
953 556 1038 610 fundo
1054 558 1094 613 lc·

135 626 273 693 cupletes.
325 624 483 690 Utcumque
508 628 603 669 etitem
627 618 697 672 haec
721 622 820 691 inepte
846 632 875 673 et
894 624 994 677 inscite
1005 617 1115 695 saepe*

135 694 290 749 faciainus:
319 690 437 741 interest
453 698 548 739 tannen
566 704 681 755 eorum,
710 691 759 758 qui
777 708 822 742 res
840 693 980 746 memoria
995 691 1115 762 dignae*

135 768 242 835 gestant
262 763 299 823 (v.
321 768 391 827 sequ
414 765 445 807 ut
461 754 666 825 praestantiora
682 757 802 828 ingenie
818 759 934 815 honore
952 762 1093 834 praemie-

135 847 192 901 que
210 828 248 880 ed
266 825 449 881 scribendum
467 825 642 880 excitentur:
1085 815 1093 860 l

188 896 258 948 'Sed
274 908 364 945 tomen
380 906 420 943 est
435 909 529 960 operae
544 894 660 960 pretium
681 909 848 961 cognoscere,
867 898 971 966 qualu-

203 965 331 1017 Aeditucs
345 962 441 1012 lrabeat
457 960 521 1011 hetti
536 972 656 1027 spectato
671 958 793 1028 domique

208 1035 307 1095 Virtus,
327 1030 438 1095 indigno
455 1047 509 1079 non
527 1029 714 1078 committendo
729 1036 833 1097 podice.

135 1101 215 1174 Quid
238 1101 297 1153 iam
320 1096 455 1150 ridetur?
487 1098 635 1148 enimvero
658 1107 716 1149 tam
742 1109 820 1150 erote
838 1098 912 1151 haec
933 1098 1090 1169 schannat,

133 1182 196 1225 tem
212 1179 278 1239 epte
296 1173 547 1234 coagmentantn13
579 1173 610 1215 ut
634 1165 657 1217 si
685 1167 762 1216 intra
781 1169 984 1223 commissurae
1002 1186 1092 1224 vereat
1112 1183 1115 1193 ·

133 1238 288 1295 ἰΙΙοε.1.ιΝ.
306 1251 371 1286 curu
393 1234 512 1287 Heinsio
533 1233 680 1285 intrudere
704 1233 790 1301 velis,
816 1236 976 1291 marimum
994 1242 1095 1310 epista-

133 1309 180 1363 he
198 1305 292 1357 labem
317 1312 346 1354 et
369 1302 483 1353 ruinam
507 1301 648 1353 intuleris.
700 1304 833 1357 Boisinus
862 1322 935 1358 vero
963 1306 1011 1359 rel
1036 1326 1045 1359 1
1111 1341 1114 1350 ·

116 1375 252 1453 ,Heinsio
278 1371 427 1423 infelicior
451 1380 507 1437 est,
536 1386 602 1421 cum
619 1380 684 1423 ante
702 1388 814 1424 versum
842 1385 900 1437 ¹¹8·
929 1374 1044 1430 inserere
1063 1372 1113 1429 σι’

130 1460 191 1499 esse
217 1439 375 1495 contendit.
417 1439 535 1491 Dixerat
557 1438 653 1508 paullo
679 1448 745 1491 ante
766 1442 884 1509 Noster,
914 1452 1011 1496 totum
1034 1445 1093 1497 lere

131 1531 169 1595 po
192 1512 272 1563 ulum
297 1510 474 1573 Romanurn,
503 1524 605 1579 prieros
623 1518 784 1577 patresque,
815 1511 913 1563 doctos
940 1522 1093 1581 peteteret

131 1531 264 1635 indoctos
281 1594 340 1629 uno
359 1576 500 1628 scribendi
522 1582 653 1646 poemate
676 1577 768 1629 studio
794 1578 905 1643 colere;
935 1580 1093 1634 ridiculum

132 1650 249 1721 quidem
269 1646 325 1699 hoc
341 1662 414 1713 esse,
441 1661 507 1696 eum
526 1661 609 1696 uerno
629 1644 674 1695 vel
692 1662 792 1695 noveru
810 1663 912 1714 agere,
939 1648 986 1699 vel
1005 1650 1095 1703 medi·

132 1727 264 1771 comente
281 1716 416 1779 miscere,
443 1712 487 1765 vel
506 1730 690 1781 qtieecunquc
709 1712 737 1764 id
756 1730 847 1781 genus
862 1724 990 1767 tractare
1007 1720 1093 1787 auoit,

132 1787 189 1841 uiti
226 1786 286 1835 rius
304 1783 445 1833 didicerit.
481 1782 536 1833 Ulu
555 1781 624 1832 haec
644 1781 760 1847 dixerut,
780 1783 919 1835 continuo
936 1784 1040 1855 infert,
1077 1784 1081 1791 ’

230 1856 255 1903 ic
273 1870 348 1902 error
365 1865 461 1915 tornen,
482 1863 507 1900 et
524 1850 591 1899 levis
608 1848 673 1900 liceo
690 1852 798 1901 insanio
816 1864 931 1919 quantes

204 1923 322 1972 Virtutes
339 1918 445 1981 habeat,
466 1920 505 1968 sic
523 1919 638 1985 collige:
658 1921 728 1969 votis
746 1936 845 1971 auarus

199 1988 265 2039 Non
284 2002 379 2037 temere
397 2002 435 2037 cst
454 1988 566 2047 animus,
586 2000 635 2036 etc.

129 2056 181 2111 ubi
207 2056 303 2125 pelam
328 2066 385 2119 est,
413 2072 527 2104 errorem
555 2071 622 2104 eum
647 2062 674 2103 et
699 2056 833 2106 insaniem
857 2055 986 2107 insanum
1008 2056 1090 2110 illud

109 2122 414 2180 'scribendistudium
433 2123 575 2171 denotnre.
613 2124 706 2171 lnsere
725 2125 783 2174 iarn
802 2140 863 2174 cum
882 2124 1002 2181 Boieiuo
1020 2144 1090 2177 ver·

127 2210 173 2248 sus
190 2192 256 2243 illos
274 2191 353 2251 Lttt;
372 2199 400 2240 et
419 2205 519 2238 eorum
538 2189 665 2256 extremi,
685 2191 732 2258 qui
753 2192 788 2241 de
807 2192 904 2258 Argivo
922 2190 973 2242 illo
994 2204 1089 2261 agunt

126 2264 159 2316 in
179 2275 268 2314 vocuo
288 2259 397 2310 theatro
416 2258 503 2308 miros
522 2256 602 2309 ludos
620 2260 813 2329 atrreginaute,
837 2261 875 2313 sic
894 2266 1088 2333 cumprimis

126 2331 173 2385 his
189 2327 363 2382 coalescent:

354 2394 398 2463 pol
418 2412 458 2443 me
477 2394 620 2459 occidistis,
641 2397 731 2462 ornici,

195 2467 263 2520 Non
281 2465 415 2525 servastis,
435 2464 491 2522 ait,·
510 2465 552 2511 eui
571 2466 610 2512 sic
629 2480 731 2514 ertorto
752 2466 882 2532 volttptos,

196 2540 234 2588 Et
252 2537 355 2586 deintus
370 2548 418 2600 per
435 2550 488 2580 vitu
507 2534 600 2581 mentis
615 2535 783 2597 gratissimus
800 2551 891 2598 error,

196 2606 250 2656 Hic
270 2619 351 2654 error
368 2614 456 2651 tctnen
469 2614 498 2651 et
517 2601 583 2649 leuis
600 2599 666 2652 hoec
685 2603 792 2653 inscitia
809 2615 925 2671 picentes

200 2675 315 2722 Virtutes
332 2669 437 2731 lrabeat,
456 2670 495 2718 sic
514 2668 618 2733 collige⁴

126 2741 176 2794 uhi
195 2742 252 2792 iarn
272 2758 360 2798 error,
389 2755 471 2806 quern
490 2746 636 2805 tantopere
657 2735 705 2785 hic
730 2734 826 2788 l'audet
844 2735 995 2802 Horatius,
1028 2737 1086 2790 erit

126 2827 208 2862 error
225 2817 383 2859 conunotue
401 2807 517 2869 uteutis,
540 2805 571 2854 iu
589 2821 677 2854 vocuo
695 2804 806 2857 theatro
826 2807 974 2874 tragoedos
993 2815 1022 2856 et
1041 2807 1083 2857 hi·

124 2881 254 2940 striones,
275 2887 306 2925 ut
323 2876 377 2926 sibi
392 2874 546 2941 videbatur,
566 2875 716 2942 spectantis
734 2884 762 2924 et
779 2872 930 2924 audientis.
954 2874 1083 2925 Hoccine

125 2957 157 2998 ut
177 2944 309 2999 obtrudat
326 2946 407 2994 nolus
426 2942 581 2992 Boivinus?
601 2944 746 2993 enimvero
765 2944 813 3011 qui
831 2943 889 2993 iarn
907 2944 1035 2994 monitus
1051 2946 1082 2995 iu

125 3033 159 3066 ea
179 3013 317 3067 sententia
345 3011 483 3063 obstinate
510 3010 679 3079 perstiterit,
710 3027 755 3060 vax
780 3010 831 3061 illo
857 3016 962 3080 Argivo
986 3012 1083 3063 sortior

124 3084 262 3136 rideatur.
317 3081 459 3144 Vidimus,
500 3095 584 3146 quarn
611 3079 789 3131 incommode
813 3087 896 3147 etque
923 3076 1084 3131 infeliciter

125 3162 243 3219 uterque
266 3147 319 3199 sibi
349 3151 442 3198 locum
469 3146 617 3214 selegerit,
654 3148 705 3197 ubi
732 3154 782 3199 hos
809 3163 905 3198 versus
931 3148 1080 3199 insereret.

123 3222 207 3272 Nunc
233 3216 319 3267 semel
345 3217 615 3282 demonstrabimus,
645 3216 765 3267 minime
791 3233 837 3267 eos
862 3214 898 3267 ed
919 3218 1079 3283 Augustum

122 3304 221 3340 rerum
238 3286 399 3349 dominum,
428 3284 475 3334 sed
494 3283 528 3334 ad
547 3300 673 3335 amicum
691 3283 878 3348 familiarem,
906 3286 1000 3352 qualis
1020 3294 1079 3337 eret

122 3356 248 3422 Lollius,
278 3354 396 3404 omuino
420 3368 477 3404 esse
503 3352 630 3421 scriptos.
675 3354 789 3422 Quippe
815 3353 845 3402 in
863 3352 909 3403 his
934 3352 981 3402 illi
1002 3362 1074 3421 sunt,

123 3440 148 3476 r.
206 3462 211 3475 .

168 3439 255 3543 9illoc
273 3489 394 3538 etiamsi
406 3485 481 3553 sorte
500 3504 582 3537 vocas
599 3504 723 3555 sequere,
746 3501 770 3537 et
789 3484 880 3552 proelii
899 3487 972 3553 audi,

187 3560 260 3626 Quid
270 3559 347 3625 jerat
367 3570 391 3606 et
409 3572 489 3623 qtecrs
508 3549 560 3605 sitii
578 3569 664 3605 nectat
683 3570 788 3625 uterque
807 3570 940 3607 emonam.
