2250 3990
449 251 667 321 reseratio.
807 296 821 317 .,
950 264 1037 313 11111

75 353 162 413 tium
182 358 222 409 eis
244 350 420 431 calliopii,
443 348 616 429 Virgilium
639 358 681 409 eir
699 344 835 413 Asterii
855 350 927 413 Cois.
952 370 1037 415 anno

74 448 147 519 post
169 436 335 496 Christum
358 433 580 504 CCCCXClV‚
602 437 767 495 Valerium
788 437 969 499 Maximum
992 460 1038 503 ex

76 522 239 603 Helpt'dii
262 523 447 590 Domuuli;
479 523 524 581 ite
547 520 698 583 Flaccum
721 540 765 582 ex
788 524 960 587 Mavortii
983 546 1036 585 re-

76 611 232 668 censione
255 607 352 668 hodie
374 608 540 676 habemus,
590 607 643 668 Sic
670 609 758 668 enim
788 610 825 670 in
851 613 1037 691 antiquiori·

76 695 139 754 bus
162 693 351 767 Codicibusj
383 694 550 765 Leidensi,
586 693 761 772 Reginensi
782 695 933 778 aliisque,
966 710 1036 778 post

76 779 203 861 Epodos
223 782 323 842 literis
347 782 533 842 maiusculis
553 781 706 861 seriptum
727 781 845 846 fertur:
882 785 1036 846 Venetus

75 871 240 927 Aconrus
262 866 435 927 Risimus
458 868 674 951 Mu'vonrrus
699 887 730 931 v.
755 886 784 928 c.
811 886 856 930 nr
878 870 1035 935 111111311-

77 972 153 1015 ceu
203 953 298 1015 Dou.
331 952 600 1015 Excous.10nn.
639 973 725 1014 eser
759 974 803 1014 er
843 976 889 1016 ur
924 974 1034 1021 soret

78 1058 286 1101 uununsvr.
324 1039 562 1100 Couennnusu
585 1060 678 1101 111111
703 1056 883 1102 usorsrno
907 1046 1034 1103 senice

79 1144 249 1187 cessone
272 1144 375 1186 unere
398 1146 537 1186 neure:
560 1127 623 1187 hoc
645 1140 700 1201 est,
728 1128 788 1189 Vir
813 1130 1035 1192 Clarissimus

80 1228 118 1291 et
148 1212 334 1284 inlustris,
376 1214 558 1276 Excomite
584 1214 800 1286 Domestica,
837 1217 1035 1287 Exconsule

83 1301 290 1360 ordinario.
346 1299 426 1378 Quis
451 1299 549 1359 fuerit
577 1301 635 1359 ille
656 1300 807 1378 Magister
827 1303 1035 1383 Fettss'qui
1110 1294 1116 1309 “

78 1388 199 1446 eodem
222 1384 274 1445 hic
297 1404 359 1466 quo
382 1386 547 1447 Donatus
573 1386 667 1447 titulo
696 1386 882 1449 honestatur
913 1390 1036 1451 Oruros

79 1475 136 1535 ris
162 1471 265 1531 Urbis
288 1473 428 1541 Romae,
452 1472 603 1551 equidem
622 1474 745 1534 nescios
777 1485 810 1534 et
838 1478 1036 1537 Mavortius

80 1561 108 1621 is
130 1560 196 1637 ipse
219 1570 274 1631 est,
298 1560 353 1638 qui
373 1557 491 1618 Consul
514 1568 581 1617 eret
606 1561 675 1619 sine
697 1558 827 1640 Collega
855 1578 937 1623 anuo
967 1573 1036 1642 post

35 1682 40 1688 -
83 1645 248 1705 Christum
286 1643 453 1707 Dxxvit:
489 1645 575 1704 unde
606 1645 689 1706 Fasti
726 1648 850 1727 egregie
884 1648 1036 1709 illustrari

16 1724 22 1739 ¹
78 1744 232 1812 possunt,
256 1748 331 1792 cum
354 1729 485 1791 aliunde
506 1734 564 1790 iste
584 1731 785 1794 Mavortius
806 1733 894 1794 nulla
914 1735 977 1793 elia
999 1748 1037 1793 re

82 1820 146 1879 nisi
168 1819 360 1896 cognomine
382 1816 450 1874 solo
471 1816 656 1878 innotescet.
704 1817 773 1877 lam
802 1838 873 1878 vero
899 1831 932 1879 et
952 1818 1038 1889 illusi

81 1905 284 1965 monendum
320 1914 389 1971 est„
414 1900 578 1965 Editiones
608 1904 765 1982 principes
799 1915 831 1961 et
855 1908 1038 1966 recentioris

79 1990 192 2050 aetatis
215 1988 348 2049 Codices
369 1987 433 2046 alio
454 1998 491 2047 ac·
512 2007 600 2048 nuno
621 1988 759 2047 solemur
780 1989 888 2049 ordin‘e
917 1991 1038 2052 Artem

85 2078 263 2138 Poeticam
282 2075 454 2144 collocare,
478 2087 547 2155 post
569 2075 708 2137 Carmen
729 2090 847 2155 nempe
868 2074 1040 2138 Saeculare

83 2175 161 2222 ante
180 2161 347 2221 Sermones
368 2174 400 2220 et
420 2161 587 2240 Epistolas:
624 2162 804 2220 vetustiores
831 2180 902 2221 vero
925 2183 1038 2223 omnes

83 2248 291 2308 Membranas
319 2260 389 2328 post
420 2247 610 2307 Carminum
642 2247 737 2308 libros
768 2250 887 2308 Artem
921 2248 1037 2328 Epodis

81 2352 288 2415 praeponere.
332 2335 365 2392 Si
387 2335 525 2413 quaeris,
551 2334 698 2412 'quisnam
721 2347 762 2392 ex
784 2335 830 2392 his
852 2334 927 2392 ordo
949 2348 1037 2395 secte

84 2440 118 2479 se
138 2421 270 2489 habeat,
295 2422 472 2498 seriemque
493 2432 691 2498 temporum,
721 2421 833 2498 quibus
850 2423 973 2499 singula
996 2422 1038 2480 ab

84 2520 215 2566 auctore
238 2506 320 2566 edita
348 2518 436 2576 sunt,
472 2508 532 2565 rite
563 2516 737 2576 conservet,
776 2519 950 2566 vetustusne
976 2509 1039 2569 ille

83 2613 127 2653 an
150 2592 274 2651 medius
296 2612 337 2652 an
357 2592 548 2662 hodiernum
581 2592 690 2650 utilius
712 2593 852 2672 prolecto
874 2596 1038 2658 omnium.

82 2679 206 2756 Magno
228 2680 358 2757 quidem
379 2679 481 2738 studio
503 2690 535 2736 et
562 2679 716 2737 acerrima
736 2681 939 2738 contentione
966 2691 1039 2760 post

87 2766 298 2843 Tanaquilli
330 2765 440 2826 Fabri
467 2772 598 2843 operam
625 2762 802 2823 Clarissimi
829 2765 896 2823 Viri
924 2767 1038 2827 Duce*

84 2853 163 2913 rius
187 2851 433 2930 Mmsouusque
461 2852 498 2910 in
525 2850 608 2910 hanc
633 2868 764 2909 arenam
788 2851 1036 2926 descenderunt3

83 2955 223 3014 quorum
247 2940 397 3017 equidem
423 2956 562 2996 acumen
590 2947 622 2996 et
650 2936 923 2999 eruditionemin·
944 2940 1039 3018 parti·-
1097 3007 1099 3016 y

84 3023 145 3081 bus
171 3023 283 3093 laudm
316 3025 352 3083 in
381 3025 484 3103 operis
514 3041 586 3082 vero
614 3040 740 3081 summa
769 3035 896 3102 totoque
924 3026 1039 3086 consti-

83 3108 205 3169 tuendo
235 3129 304 3169 rem
330 3130 382 3170 eos
410 3111 583 3170 infeliciter
612 3109 785 3168 admodum
811 3111 935 3186 gessisse
964 3130 1041 3173 cen·

83 3214 148 3257 seo.
207 3195 333 3256 Horum
365 3198 453 3255 enim
482 3195 677 3266 rationibus,
717 3208 747 3255 et
775 3194 978 3257 Carminibus
1009 3212 1043 3261 et

84 3281 201 3362 Epodis
224 3295 256 3342 et
276 3283 480 3342 Sermonihus
498 3282 704 3362 Epistulisque
725 3282 898 3343 scribendis
917 3298 982 3344 uno
1004 3302 1043 3347 ac

85 3371 203 3427 eodem
224 3377 368 3448 tempore
396 3372 544 3428 vacavisse
572 3367 723 3428 Nostrum
751 3387 881 3429 necesse
909 3384 974 3443 est;
1011 3386 1044 3434 et

85 3455 211 3534 singule
231 3474 373 3534 quaeque
394 3457 552 3537 po'e'matia
580 3458 748 3536 separatim
776 3456 811 3516 in
839 3457 947 3535 vulgus
975 3459 1043 3520 edi·

87 3543 184 3600 disse:
219 3559 354 3621 quorum
376 3553 546 3625 utrumque
572 3560 590 3602 a
612 3562 683 3601 vero
706 3543 849 3611 alienum
874 3562 939 3604 esse
961 3545 1045 3606 milii

86 3647 145 3708 pro
167 3641 329 3709 comperto
352 3640 407 3692 est.
453 3629 578 3712 Quippe
604 3630 769 3704 omnibus,
806 3631 862 3709 qui
888 3630 1049 3697 eiusmodi
