2228 3900
439 132 661 192 mrsrfflm-
694 112 720 177 s
987 144 1029 190 xt

69 222 295 299 Archidiaconi
314 232 686 313 supereratusriemis,
708 228 938 313 cui'Epistolsa
960 251 1031 293 om·

68 342 136 391 urs,
167 336 201 383 et
223 319 394 381 Sermones
415 318 537 399 aliquot
559 320 633 379 libri
656 314 718 377 lidi
740 304 869 389 delunt3
908 318 988 379 alter
1010 338 1030 379 a

66 406 270 470 Bibliotheca
293 407 419 486 Regin,
443 404 611 465 Sermones
633 418 665 464 et
684 404 834 486 Epistolas
855 408 1030 482 Artemque

68 500 271 576 complexus,¹
293 496 346 553 cui
369 492 464 573 plane
485 495 632 571 geminus
654 505 700 551 est
721 492 895 549 abeodem
921 491 1031 549 libra·

69 585 115 643 rio
144 584 321 662 descriptus
352 580 389 638 in
418 578 561 657 Collegio
592 578 865 656 Mugdnlcnensr'
896 576 1028 661 pisculi.

70 665 188 728 Eidem
209 667 280 727 fere
303 665 423 725 babent
442 668 503 724 tria
523 666 720 745 exeniplaria
748 683 787 721 ex
809 662 1030 741 Collegio'no·

70 766 130 813 stro
153 757 188 815 S.
220 752 432 819 Trinitatisr
453 751 617 811 'Carolina
649 770 720 809 vero
743 762 775 829 et
799 749 918 829 Epodos
943 747 1030 808 Bod-

70 841 182 902 leiani
206 842 272 899 duo
293 852 326 899 et
358 837 616 919 Vigorniensz's3
651 837 762 895 Artem
789 849 897 894 autern
928 834 1032 894 Pabu-

70 946 138 986 caru
169 925 415 1006 Vr'gorniensis
436 926 516 982 alter
538 939 568 984 et
592 923 802 1003 Digbeanus
825 921 876 981 Ox
899 922 963 987 nii,
1001 930 1033 979 et
1071 974 1074 978 .

70 1015 204 1077 Mureti
229 1013 310 1071 liber
331 1031 348 1070 a
373 1012 444 1071 Nic
474 1009 620 1081 Heinsio
644 1010 721 1068 olins
746 1010 878 1067 collatus
935 1005 1033 1064 Porro

71 1105 168 1161 etiam
192 1100 349 1169 vidimus,
383 1114 460 1179 quas
482 1116 500 1152 e
522 1098 638 1156 (lodice
665 1094 865 1156 Colbertr'no
891 1092 1036 1151 lutetias

72 1189 167 1247 sarim
191 1185 406 1265 exscripserat
424 1183 575 1242 lectiones
596 1186 642 1241 vir
655 1181 884 1241 celeberrimus
897 1179 1036 1240 Eduar-

77 1275 140 1334 dus
169 1270 395 1341 Bernartius,
429 1281 461 1329 et
488 1288 506 1329 e
533 1270 786 1330 Frurrelserano
812 1268 918 1327 nescio
949 1270 1036 1344 quisj

76 1379 184 1418 rerum
217 1371 353 1437 uterque
389 1356 538 1438 pauculas
570 1354 696 1415 tantuin
731 1368 763 1414 et
797 1356 913 1427 leuiore
948 1369 1036 1410 cura.

75 1443 141 1505 Hos
160 1463 276 1504 omnes
304 1463 406 1503 mauu
436 1454 576 1501 exaratos
605 1442 754 1513 Codices,
790 1460 866 1520 quos
894 1458 949 1498 seu
978 1436 1040 1517 ipsi

77 1534 287 1600 excussimus,
317 1530 381 1589 sive
403 1531 582 1589 amicorum
604 1526 762 1588 beneficio
786 1546 872 1587 nunc
894 1528 1040 1605 primum

77 1616 204 1690 literato
224 1616 296 1676 orbi
316 1616 527 1684 exhibemus,
562 1615 770 1675 Nostrorum
792 1614 927 1673 subinde
950 1629 1041 1669 roca·

80 1702 159 1761 bulo
179 1702 376 1771 iudicamus,
402 1714 439 1760 ut
461 1713 493 1759 et
515 1701 584 1759 aliis
603 1700 778 1769 editoribus
798 1701 957 1757 sollemne
982 1707 1040 1755 est:

81 1789 167 1869 quod
187 1789 256 1853 irleu
280 1788 335 1848 bic
358 1788 560 1847 monendum
583 1798 660 1855 erat,
684 1804 725 1843 ne
749 1785 909 1844 cavillator
930 1783 1044 1862 aliquis

81 1877 247 1935 cornicur'n
267 1872 325 1934 liic
349 1874 456 1951 oculos
476 1874 588 1953 gestiat
609 1870 779 1951 configere.
833 1869 946 1949 Neque
970 1868 1042 1928 vero

82 1960 246 2021 Editiones
264 1971 402 2022 vetustas
423 1962 636 2039 omniumque
658 1959 816 2038 principes
838 1956 1043 2037 negligendas

87 2046 381 2116 mihiexistimavi,
422 2044 583 2105 Venetam
612 2047 689 2104 anni
719 2041 1042 2111 MCCCCLXXVlll,

86 2145 118 2192 et
141 2136 430 2211 Argentinensem
455 2131 577 2191 Incobi
598 2131 749 2191 Loscber
775 2132 887 2209 poeitae
910 2130 1044 2188 laureati

87 2220 165 2278 anni
189 2216 486 2284 MCCCCXCtht3
509 2235 583 2295 quas
603 2217 802 2275 Nobilissimi
822 2217 891 2275 Viri
903 2213 1000 2275 Csuo
1029 2232 1043 2274 1

89 2304 379 2367 Sunderlaudiue
411 2302 552 2363 Comitis
579 2304 819 2363 instructissima
849 2233 1045 2361 bibliortifc'a

89 2390 167 2451 mibi
191 2389 418 2469 suppeditavit3
455 2408 652 2468 quarumque
679 2388 758 2448 haec
786 2409 851 2448 non
873 2407 912 2447 ex
935 2396 1046 2447 exem·

88 2477 226 2557 pleribus
252 2474 335 2534 ltalis
357 2474 546 2534 iamdudum
570 2478 676 2543 editis,
712 2475 766 2533 sed
787 2493 827 2532 ex
850 2477 1047 2553 manuscrip-

88 2567 127 2621 tis
162 2561 366 2619 Germanicis
397 2578 544 2640 expressa
575 2573 630 2620 est.
682 2562 891 2619 Accesserunt
919 2561 968 2619 his
1002 2581 1045 2620 cx.

89 2647 290 2707 Bibliotheca
314 2643 678 2724 Regiue'Societntz's,
703 2648 801 2705 altera
825 2648 945 2706 Veneta
968 2649 1047 2707 anni

90 2731 312 2804 MCCCCXG,
348 2733 384 2791 in
417 2752 476 2811 qua
505 2737 615 2811 ,prima
649 2744 685 2791 ut
713 2735 826 2812 opinor
855 2733 1048 2809 scholiastae

92 2820 220 2878 Veteres
247 2820 365 2880 Acron
400 2831 431 2878 et
467 2819 688 2899 Porphyrion
720 2832 982 2898 comparuerunt;
1017 2830 1049 2879 et

94 2908 242 2967 Acronis
276 2904 440 2984 exemplar
474 2910 642 2984 scriptum,
681 2906 763 2982 quod
793 2906 872 2964 olim
901 2904 968 2964 erat
993 2925 1050 2967 sua

96 3004 198 3051 aetate
240 2990 445 3050 celeberrimi
489 2992 546 3049 viri
590 2990 763 3050 Bitibaiciz·
808 2989 1048 3052 Pirlslrer'merz'.

97 3077 246 3137 curer-um
266 3077 463 3156 ubicumque
484 3076 532 3135 vel
555 3096 597 3134 ex
612 3077 772 3137 codicibus
794 3079 918 3136 vetustis
941 3080 989 3137 vel
1011 3079 1052 3136 e'x
1096 3100 1106 3134 .·

98 3164 223 3244 ingenio
244 3164 396 3223 sic-clare
426 3161 519 3221 verba
543 3156 756 3243 restituimus,
788 3173 824 3222 ut
852 3165 987 3243 opnoino
1016 3165 1052 3223 in
1074 3160 1104 3235 ',

100 3251 196 3329 ipsum
221 3254 320 3331 quiam
338 3261 457 3308 uocant
480 3249 673 3321 Conteuium
697 3269 733 3307 ea
756 3248 856 3327 recipi
875 3261 1050 3328 oporteret:

102 3337 250 3397 incaute
280 3333 321 3411 ei
336 3330 495 3416 pudenter
521 3356 590 3395 rem
617 3328 787 3413 gessimus,
824 3348 859 3394 ut
886 3354 928 3394 ue
956 3338 1054 3396 mini·

31 3424 36 3537 p
103 3440 184 3483 mum
205 3422 386 3504 quideme
415 3420 644 3501 probatissimis
669 3421 864 3497 editionibus
887 3420 1056 3483 deflexum

105 3512 185 3573 uobis
204 3516 263 3581 sit,
300 3509 381 3588 quin
407 3520 566 3588 receptam
592 3508 691 3571 simul
716 3502 899 3599 leptionem
926 3505 965 3578 in
993 3513 1065 3579 ima

490 3698 502 3708 ,.

421 3721 441 3753 Ι.

382 3756 386 3763 ,

738 3790 749 3821 l
