2228 3900
131 146 196 213 tta
415 155 447 209 o.
485 146 650 195 nouerit
684 144 819 192 rtacci
882 204 885 209 Ι
971 174 974 179 .

130 238 321 303 recuderunt,
352 250 471 304 pravam
493 241 522 286 et
543 232 675 305 ineptam
696 229 911 285 distinctionem
927 230 1070 295 nonaum·

132 311 327 365 advertentes:
662 362 665 367 ,
829 362 832 367 ,

201 376 295 436 Illum,
315 372 379 421 Post
395 370 497 439 paullo,
519 370 571 420 sed
587 369 683 438 pluris,
706 368 736 420 Si
753 366 850 419 exierit
867 366 929 429 eir,-

203 442 293 494 Gollis
311 439 390 505 lianc,
411 439 582 489 Philodemus
599 440 655 489 ait:
673 436 726 488 stit
742 454 809 504 quoe
829 454 914 505 neque
930 450 1030 501 magno.
1112 459 1114 470 <

134 510 208 591 Quis
224 513 302 563 euim
320 524 379 559 non
396 507 505 573 videat,
528 505 558 557 in
576 505 629 557 hac
649 504 864 557 constructione
882 506 959 556 iilam
977 512 1004 555 et
1018 500 1069 553 tm

134 580 230 633 erdem
253 574 391 631 orationis
416 576 544 626 membro
568 574 665 651 inepte
690 571 847 641 assignari?
890 572 974 625 Tollo
996 571 1089 641 itaqu

133 658 195 703 tam
211 646 325 699 foedam
345 644 495 709 maculam,
516 651 544 693 et
562 643 602 693 sic
621 651 808 711 interpungo:
893 676 899 689 ,

202 716 298 777 Illam,
318 712 380 763 Post
399 713 501 778 paullo,
522 711 571 760 Sed
588 711 682 776 pluris,
703 712 732 759 St'
752 710 849 761 exierit
864 711 917 773 eir,

204 782 293 833 Gallis
303 798 313 829 .·
331 778 409 841 lianc,
431 778 601 829 Philodemus
621 780 667 841 ait,
688 778 749 841 sihi,
768 794 836 845 quoe
853 794 938 847 neque
954 794 1060 845 magno.

205 851 260 900 Stet
275 850 370 917 pretio,
388 864 437 896 neo
454 859 599 909 curtctetuv,
618 862 677 895 cum
695 858 734 895 cst
754 847 828 895 iussa
844 848 943 901 venire.
1073 902 1076 908 ¹

134 916 192 971 hoc
209 926 264 982 est,
286 916 382 979 illam,
403 932 468 982 quae
494 928 531 963 tot
550 931 636 964 moros
655 927 681 962 et
699 914 864 965 conditiones
872 914 963 979 serat,
983 910 1078 963 Gallie.

135 986 207 1037 lianc
224 985 285 1047 sibi,
308 999 375 1051 quos
392 992 445 1031 etc.
481 982 576 1032 Gallos
594 990 689 1033 autem
708 980 756 1031 hic
773 981 910 1050 spadones
928 990 956 1031 et
974 976 1071 1049 Cyheles

136 1052 294 1106 sacerdotes
311 1049 436 1119 accipi03
469 1049 519 1117 qui
542 1058 601 1099 tam
625 1048 715 1101 lentae
735 1052 866 1115 ambages
890 1048 974 1101 facite
996 1056 1073 1115 etpa-

135 1123 242 1173 ticnter
259 1120 335 1171 ferre
353 1125 465 1187 queant.
501 1117 531 1169 Si
552 1116 712 1168 Philodami
732 1116 918 1185 Epigramma
936 1112 1071 1183 exangula

136 1188 233 1257 aliquo
251 1195 413 1251 erueretur,
440 1193 471 1235 ut
491 1200 524 1237 ex
543 1182 715 1253 Anthoiogia
732 1185 843 1236 inedita
863 1185 1073 1254 productumttl

135 1256 210 1308 illud
228 1253 413 1311 Callimachi:
441 1261 502 1303 tum
521 1254 625 1305 certios
641 1255 716 1307 scire
736 1270 888 1324 possemus,
908 1264 1002 1309 uirum
1015 1244 1072 1303 Pit·

135 1326 201 1382 iove
219 1322 304 1374 vellet
323 1338 359 1373 an
377 1317 516 1382 Γαλάτας.
737 1349 741 1356 ·
1086 1339 1088 1344 ’

170 1407 226 1459 ¹29·
256 1389 397 1457 Vepallidc
420 1391 487 1439 lecto
507 1388 624 1441 Desiliat
642 1388 747 1453 mulier]
785 1388 906 1457 Quidum
921 1396 1071 1458 putaverunt,

135 1459 342 1511 aiunt'vcteres
359 1456 408 1509 hic
426 1457 614 1524 Scholiastae,
640 1456 782 1527 vepallida
799 1476 871 1508 nunc
890 1477 969 1510 unam
985 1470 1073 1577 ppar-

134 1528 265 1577 orationis
283 1544 346 1592 csse,
368 1538 396 1577 ut
415 1526 557 1595 vegrandi
574 1528 674 1578 subere
692 1536 822 1592 coctum,
844 1528 914 1595 quod
931 1528 969 1578 ait
1020 1526 1073 1577 vaiet

135 1595 265 1661 Flaccus,
294 1609 324 1647 ut
346 1593 484 1661 significet
501 1595 583 1647 valde
603 1594 725 1664 pallida:
753 1595 800 1644 sed
817 1596 907 1661 magis
922 1594 1087 1647 diuidendum·

134 1674 190 1729 cst,
218 1677 248 1715 ut
266 1681 317 1716 vae
334 1665 483 1715 interiectio
502 1664 546 1716 sit.
584 1664 670 1733 Atqui
687 1662 763 1732 quod
781 1661 840 1713 illis
860 1662 1016 1743 displicuit,
1039 1674 1072 1713 tt-

135 1731 311 1784 centioribus
340 1732 461 1783 mirifice
508 1731 611 1797 lacuit3
644 1731 713 1783 adeo
742 1739 773 1781 ut
798 1747 876 1783 nunc
903 1748 935 1785 tu
960 1730 1071 1785 omtiibtt

134 1800 196 1851 fere
215 1798 389 1852 editionibus
406 1750 542 1865 squallida
566 1798 795 1851 circumferatur.
832 1802 867 1851 At
890 1809 967 1853 recte
981 1818 1019 1869 ,au
1037 1813 1070 1851 tt·

134 1885 192 1934 cus,
232 1868 368 1948 aullisper
384 1869 584 1923 examinemus.
621 1868 769 1933 mollitia,
788 1868 933 1937 inquiunt,
952 1878 993 1921 est
1006 1864 1092 1925 valde·

132 1886 251 2005 pallida.
287 1937 397 1987 Mirum
417 1953 498 2001 vcro,
519 1945 566 1986 aut
588 1936 731 1986 neminem
748 1935 839 1993 alium
857 1936 913 1989 hoc
932 1953 1010 1989 usttm
1026 1948 1071 1989 w·

132 2004 286 2070 vocabulo,
307 2006 330 2053 si
349 2004 379 2052 in
399 2004 547 2073 frequente
565 2003 714 2055 hominum
731 2021 860 2054 sermone
879 2014 961 2061 essett
983 1998 1071 2070 antei

133 2072 202 2123 adeo
224 2066 386 2139 insolitum,
415 2088 473 2121 non
491 2071 623 2121 Flaccum
640 2070 671 2121 id
691 2081 835 2141 tamquam
853 2074 999 2143 scopulum
1017 2072 1073 2126 eiiu-

132 2138 213 2205 gisee.
247 2138 302 2190 Sed
320 2147 393 2203 esto,
416 2148 447 2188 ut
467 2155 571 2189 novtmt
591 2141 710 2190 verbum
729 2141 836 2208 fingere
856 2142 981 2194 voluerit
999 2140 1073 2207 oepel·

133 2206 207 2256 tinia:
224 2208 315 2258 multo
335 2214 412 2257 certe
430 2212 535 2257 rectius
553 2215 628 2274 erat,
652 2216 683 2258 ut
699 2226 808 2275 porum,
828 2210 888 2262 imo
908 2212 1014 2261 minime
1026 2206 1073 2275 pal·

131 2274 203 2339 iiiia,
229 2274 289 2327 imo
307 2275 453 2324 rubictutrlu
472 2275 661 2343 significaret,
688 2293 774 2345 quam
792 2279 868 2346 quod
885 2280 985 2333 volunt
999 2278 1072 2331 itttet·
1096 2292 1099 2297 ·

89 2398 92 2403 ,
131 2350 233 2409 pretes.
281 2345 315 2393 Ve
338 2343 417 2395 enim
444 2344 474 2393 iu
500 2344 707 2413 contpositione
734 2362 789 2396 non
810 2346 919 2398 minuit
941 2348 1029 2401 solum
1049 2352 1072 2395 at
1094 2376 1098 2388 ·

131 2420 230 2479 negat,
263 2412 507 2464 sed‘eontrarium
525 2416 612 2464 etiam
632 2412 729 2479 ponit·
759 2416 801 2466 lta
818 2433 913 2467 vecors
930 2427 959 2469 et
973 2430 1072 2467 veronus

36 2512 40 2518 -
130 2494 192 2532 non
210 2480 295 2533 modo
311 2498 405 2549 porum
422 2482 510 2532 cordis
526 2491 575 2533 aut
592 2482 653 2532 soni
676 2481 796 2549 hahens,
823 2483 873 2534 sed
898 2493 928 2536 at
943 2484 1071 2551 furiosus:
1102 2497 1104 2504 ’

129 2550 275 2667 {egerendis
292 2567 348 2601 non
365 2567 461 2617 parum
477 2551 588 2616 grandis
604 2549 705 2618 modo,
735 2550 783 2602 sed
807 2558 836 2603 et
853 2570 966 2619 paruas.
999 2548 1071 2607 Otii·

147 2628 203 2674 ast.
225 2619 267 2667 lli
350 2657 356 2668 .
559 2660 561 2665 .

196 2658 280 2735 sturni
296 2633 377 2737 iiior
395 2688 558 2737 adnomen:
576 2682 730 2753 vegrandia
742 2684 826 2752 farra
846 2686 959 2743 colonae

174 2742 194 2764 '⁴
233 2754 309 2819 Quae
327 2756 395 2805 istola
408 2773 552 2819 creuerunt,
572 2770 708 2822 vescaque
725 2772 811 2819 porca
827 2772 936 2809 vocant.

200 2818 247 2871 t‘ts
265 2840 295 2871 ec
312 2824 338 2873 si
354 2824 427 2873 verli
442 2837 496 2873 ost:
515 2840 561 2872 cur
579 2840 632 2871 uon
649 2839 697 2887 ego
717 2822 828 2877 veiovis
842 2825 937 2877 oedem

232 2891 327 2940 Aedem
344 2910 397 2963 nupt
415 2893 506 2957 tttttgttt'
523 2892 640 2958 suspicer
656 2909 712 2943 esse
730 2893 814 2946 Iovis.

126 2954 267 3008 Ausonius
285 2960 372 3027 Epist.
391 2960 475 3011 ΧΧΙΙ.

194 3023 249 3073 llic
268 3043 346 3092 ,saepe
361 3030 450 3093 falsus
467 3029 592 3079 invisiles
609 3027 799 3098 vegrandibus

229 3092 335 3144 Nomen
353 3115 461 3160 perosus
477 3098 572 3154 villici.

126 3158 214 3210 Varro
233 3159 268 3211 de
285 3163 327 3213 Re
345 3165 460 3217 Rustico
482 3168 517 3232 li,
540 3182 564 3219 ρ.
599 3165 759 3237 chrandes
777 3163 855 3231 fiunt
878 3182 943 3218 oves
958 3178 986 3219 et
1000 3162 1072 3217 tnta·

123 3227 212 3277 uittae.
249 3230 326 3281 adde
344 3231 416 3283 illud
432 3234 573 3285 Martialis
591 3236 637 3301 XI,
660 3253 700 3303 73.
721 3235 793 3303 quod
812 3233 860 3284 hic
878 3233 1005 3289 describi
1019 3247 1072 3288 nott
1107 3256 1110 3267 ·

122 3305 258 3373 merctur.
293 3300 334 3350 Ad
352 3301 422 3353 hacc
441 3302 582 3373 exemplo,
607 3313 638 3353 ut
655 3306 712 3355 iarn
729 3302 821 3370 vides,
853 3304 992 3370 vepallida
1008 3306 1072 3355 erati

122 3362 246 3442 pallidae
265 3370 415 3433 contraria,
438 3370 523 3439 plane
541 3380 637 3422 contra
655 3382 776 3423 auctoris
795 3382 932 3424 mentem.
966 3371 1019 3425 Sed
1034 3386 1070 3433 ue,

120 3432 268 3503 inquiunt,
299 3436 330 3486 in
356 3440 560 3506 eontpositione
579 3438 829 3505 interduntouget.
867 3442 950 3499 Esto:
981 3450 1070 3493 tamen

113 3502 228 3561 interea
245 3503 379 3581 ineptum
403 3508 515 3562 iaciunt
533 3507 700 3577 Horatium,
728 3512 779 3579 qui
803 3508 884 3562 nulia
908 3509 1073 3565 necestitate

560 3680 568 3709 l

676 3787 812 3852 f&
