2250 3990
342 214 542 258 cinottuuu
572 215 653 262 uto.
685 195 713 262 1.
757 246 768 269 „
969 203 1011 268 21

57 296 196 351 mmolsri.
231 297 402 367 Macrobius
421 298 533 353 Saturn.
555 299 608 364 ΙΙΙ,
632 316 673 352 ιο.
708 295 852 371 „Quando
869 296 948 353 enim
963 300 1010 353 'di-

57 375 142 419 ‚ceret
158 365 306 436 Virgilius,
819 378 833 413 s

107 436 277 486 Coelicolum
296 437 356 503 regi
372 436 522 486 mactabam
537 437 568 486 in
587 436 665 488 litore
685 448 806 487 taurum:

60 504 90 556 Si
106 504 197 555 sciret
216 504 307 554 Tauro
324 506 460 554 immolari
476 503 546 564 huic
563 504 616 557 deo
636 504 776 557 vetitum?
806 514 856 557 eut
879 505 902 559 si
923 523 1002 560 com-

57 570 271 641 prehendisset,
299 571 503 692 'spuodllltteius
528 573 630 641 Capito
656 558 889 642 comprehendit,
921 576 1002 629 cuius

57 639 146 693 verbe
162 657 198 692 ex
215 639 291 691 lihro
328 677 335 692 .
382 640 425 691 De
443 641 506 691 iure
523 640 738 707 Sacrificiorum
756 640 828 703 haee
844 651 923 697 sunt:
944 646 999 695 Ita-

57 710 189 776 que-Ioni
206 716 305 776 tauro,
333 724 430 775 verre,
457 709 547 760 ariete
563 709 707 761 immolari
726 728 781 760 non
798 708 866 761 lieet,
904 711 1000 764 Labeo
1091 719 1097 729 “

59 792 128 847 πῃ
143 776 204 829 LX.
223 785 253 828 et
269 777 346 829 unt.
368 776 444 828 libro
463 777 570 846 intulit,
589 778 645 829 nisi
656 779 807 846 Neptuno,
827 777 955 846 Apollini
973 786 1003 831 et

59 844 149 897 Marti
167 858 275 895 taurum
293 861 349 896 non
369 844 549 897 immolari.“
577 847 692 898 Frustra
711 845 801 913 igitur
813 844 1002 901 Greinmetici

57 914 87 963 ie
97 922 243 984 quaerunt
259 913 368 966 nodum
379 914 411 964 in
431 914 534 983 scirpo,
554 914 632 966 Illud
649 922 746 966 temen
762 914 877 965 fortasse
892 930 1001 984 pugne·

57 989 126 1047 unt,
159 982 258 1032 Poscot
276 999 374 1048 agnam
392 980 441 1032 hie
459 981 517 1050 legi
536 992 682 1052 oportere,
701 983 784 1034 utin
802 982 892 1052 Epod.
911 983 999 1041 xvlt.

103 1051 223 1101 Pacatus
239 1053 356 1117 expiare,
374 1068 422 1101 seu
438 1052 600 1121 poposceris
811 1056 816 1075 ¹
971 1062 975 1071 “

103 1118 219 1169 Centum
236 1118 378 1171 iuvencos.
414 1142 419 1147 ·
512 1145 527 1181 χ

57 1190 145 1241 'erum
162 1186 205 1238 ibi
223 1186 311 1238 codex
328 1202 406 1238 meus
422 1184 615 1254 Bertelienus,
635 1188 728 1251 bonne
744 1195 835 1257 notae,
855 1185 933 1241 clere
952 1202 1014 1238 ex·.

57 1256 131 1323 ibet,
164 1256 276 1305 Centum
292 1256 428 1316 iuuencis;
455 1272 528 1324 quae
550 1273 618 1308 vere
639 1250 855 1326 scriptura'est,
882 1264 999 1324 temque

57 1323 122 1376 ttius
138 1322 198 1375 loci
214 1320 371 1375 lectionem
388 1324 554 1393 confirmet,
574 1341 659 1395 quem
678 1327 714 1376 ab
732 1341 765 1377 ee
784 1324 909 1376 invicem
929 1341 997 1376 con-

57 1399 177 1445 matur.
746 1412 750 1419 ‘

71 1461 112 1515 16.
138 1463 200 1511 Iam
217 1473 243 1511 te
261 1473 361 1528 pentat
376 1479 430 1511 non
441 1456 607 1529 salutatque
626 1458 734 1526 Manes]
757 1458 898 1512 Dubitare
915 1467 996 1528 pote·
1048 1490 1054 1509 ι

57 1527 239 1598 lsplurnline
258 1546 376 1581 numero
395 1529 444 1580 hic
470 1529 629 1599 accipietur
643 1527 775 1594 scozulae,
805 1546 841 1581 an
868 1528 1015 1596 genitivo·

57 1598 81 1648 in
120 1598 185 1651 leri.
222 1597 284 1649 Hoc
302 1597 354 1648 ille
370 1595 488 1661 maluit,
519 1597 692 1666 quicumque
709 1594 778 1660 fuit,
791 1595 850 1666 qui
868 1594 997 1665 margini

57 1613 145 1719 uitiis
165 1666 322 1719 Graevieni
337 1666 399 1724 hoc,
412 1662 546 1716 Scholion
565 1664 679 1730 nllevit,
701 1662 819 1713 Fabulae
837 1665 919 1729 genii.
938 1666 994 1713 sin·
1094 1717 1099 1727 ,

57 1734 94 1787 ul.
110 1753 161 1803 pro
180 1735 356 1785 Fabularum.
379 1740 416 1783 et'
425 1732 598 1795 Prudentius
620 1726 882 1802 pespetuus⁴nostsi
900 1731 995 1787 imitu-
1106 1763 1110 1773 ·

57 1816 91 1870 or,
106 1802 216 1855 Contra
233 1801 435 1871 Symmachum
454 1802 477 1866 l,
499 1814 555 1869 190.
1028 1801 1036 1817 '

57 1898 62 1917 .
103 1872 139 1924 Et
156 1884 196 1921 tot
213 1873 315 1939 templu
333 1871 409 1920 deum
428 1869 538 1933 Romae,
557 1881 620 1936 quot
635 1867 742 1919 in'orln
759 1864 900 1932 sepulchra
931 1878 956 1939 'x

104 1938 224 1990 Heroum
243 1956 383 1993 numerare
402 1938 481 1987 ticet:
501 1955 566 2006 quos
582 1937 678 1988 fabula
697 1951 796 1986 manes

106 2008 251 2072 Nobilitas,
268 2020 358 2058 noster
374 2006 489 2073 populus
503 2018 644 2056 veneratus
661 2005 774 2054 adorat:

57 2073 120 2142 plene
136 2076 217 2127 hunc
235 2077 332 2133 locum
352 2074 383 2124 in
401 2070 498 2128 auimo
514 2073 624 2127 hebuit.
664 2071 743 2125 Illud
761 2080 858 2124 tamen
881 2079 993 2141 secutus

57 2142 148 2195 videtur
168 2145 290 2212 Persius,
311 2158 377 2194 cum
395 2142 475 2210 (lixit,
727 2155 730 2160 ·
768 2164 774 2177 ι
826 2144 833 2157 “

107 2215 174 2263 cinis
191 2228 217 2263 et
237 2231 329 2280 inanes
345 2225 371 2261 et
381 2211 483 2277 fabula
493 2209 558 2277 sies.

57 2278 212 2333 Utrumlibet
229 2280 358 2349 elegeris,
378 2280 478 2331 eodem
495 2279 557 2330 fere
575 2294 619 2328 res
636 2276 721 2328 redit.

81 2365 115 2416 17.
140 2352 178 2401 Et
205 2351 298 2400 domus
322 2348 400 2398 exilis
424 2347 559 2414 Plutonia]
589 2346 693 2397 Daniel
713 2341 859 2406 Heinsius,
881 2348 909 2391 et
926 2341 993 2392 Bos·

57 2414 127 2549 Qu,
147 2435 227 2496 'cum
251 2417 364 2470 Advers.
391 2416 471 2468 XXX.
498 2428 538 2483 13.
562 2423 624 2466 tum
651 2415 691 2477 ud,
703 2411 786 2464 Statii
804 2409 950 2461 Thebaida
967 2410 1016 2474 I,·

112 2496 169 2555 egit
201 2500 210 2514 ⁸

76 2559 79 2564 '
107 2558 141 2605 Et
160 2556 254 2605 domus
271 2552 361 2605 exilii.

57 2617 119 2673 Nihil
143 2639 281 2692 umquam
304 2622 365 2673 vidi
390 2618 517 2672 dilutius.
562 2620 670 2673 Domus
695 2619 775 2670 enz'h's
800 2623 840 2669 est
859 2620 995 2679 egenaet
1089 2632 1091 2637 ·

57 2685 129 2762 inops,
148 2694 209 2742 sine
226 2688 404 2759 supellectile
423 2697 452 2739 et
470 2705 560 2757 penu:
582 2697 614 2739 ut
632 2687 703 2739 alibi
722 2687 811 2755 Epist.
831 2685 854 2752 Ι,
874 2684 901 2736 6.

108 2760 198 2812 Exilis
216 2761 308 2810 doinus
325 2773 372 2822 est,
390 2757 435 2806 ubi
451 2775 505 2807 non
525 2771 549 2808 et
567 2759 652 2815 multu
667 2767 817 2823 supersunt,
836 2807 838 2811 ,

109 2830 142 2879 Et
161 2829 296 2878 dominum
306 2827 422 2895 fallunt,
443 2838 467 2875 et
485 2838 594 2891 prosunt
604 2825 724 2891 furibus.
861 2825 868 2830 “

57 2890 90 2946 tic
105 2908 196 2947 tenues
215 2897 327 2946 Penates
337 2895 450 2946 Seneca
468 2893 501 2944 in
519 2895 672 2964 Hippolyto
692 2912 718 2948 v.
735 2907 794 2960 209.

110 2965 163 3015 Cur
180 2967 210 3015 in
228 2966 340 3014 Penates
358 2963 448 3013 rarius
465 2969 564 3014 tenues
582 2963 652 3013 sulit

110 3032 183 3084 H'oec
200 3034 331 3083 delicatas
349 3033 451 3098 eligens
469 3032 551 3096 pestis
571 3031 681 3081 domos?

58 3096 92 3149 tie
111 3101 241 3167 gracilem
265 3101 349 3150 larem
366 3098 504 3168 Apuleius
529 3098 562 3150 in
585 3096 739 3168 Apologia:
771 3094 820 3144 Sed
843 3091 913 3161 quod
935 3090 997 3139 civo
1088 3142 1091 3147 .

59 3170 139 3232 puin·
157 3172 228 3233 lare,
257 3169 325 3236 quod
341 3170 479 3235 pauciores
496 3185 585 3217 servos
603 3166 694 3217 habeo.
740 3163 866 3214 Probent
888 3159 943 3213 ltoc
972 3163 999 3207 el

61 3240 194 3306 sequentia,
215 3236 274 3288 Nec
292 3254 375 3303 regna
391 3238 456 3286 vini.
492 3235 582 3302 Nihil,
603 3237 633 3286 in
655 3235 705 3300 uit,
717 3232 768 3283 -itri
787 3227 921 3299 reperies,
942 3241 998 3294 quo

62 3299 116 3357 lene
132 3306 183 3365 sit;
201 3322 294 3375 neque
312 3303 463 3369 conviviis,
484 3321 540 3367 nee
558 3319 647 3356 amori
667 3320 699 3353 us
717 3297 891 3368 indulgendi
908 3294 1000 3349 facul·
1090 3362 1092 3373 ‚

64 3376 93 3421 ltt
106 3375 166 3443 erit,
185 3384 235 3426 sut
254 3373 334 3425 locus
352 3371 525 3424 commodus.
562 3373 659 3441 Neque
676 3369 811 3421 vcro‘hic
830 3377 1000 3435 quemquam
1096 3396 1100 3403 .

68 3434 288 3522 &endere-debet
305 3441 453 3510 geminum
471 3440 640 3519 Epitheton,
660 3439 749 3518 Eorilis
769 3436 904 3495 Plutonia,
925 3429 1002 3547 «pincti

68 3509 139 3563 leuen
157 3512 229 3563 alias
246 3527 345 3563 retium
362 3519 412 3564 est.
450 3509 497 3561 Sic
522 3525 600 3562 emm
625 3517 654 3562 et
677 3506 764 3573 ahh1,
794 3503 893 3555 eedem
916 3512 1002 3568 pone

70 3570 147 3648 hmo,
167 3580 257 3650 Epist.
276 3579 313 3648 ll,
335 3597 358 3632 1.
474 3622 477 3627 .
506 3624 508 3629 ,
806 3602 822 3609 ·-
868 3594 874 3620 1
906 3611 909 3616 .
964 3596 979 3614 ..·
1012 3600 1017 3611 .
