2250 3990
370 196 441 273 sas
453 212 457 217 ·
471 196 636 244 roseros.
695 184 698 193 '
732 208 741 227 ι
920 180 984 249 745

87 278 228 350 iterant
245 272 368 349 dffl'erut,
382 293 409 331 et
423 272 549 349 praesens
565 282 595 333 in
611 293 716 349 tempus
732 280 857 343 omittere

87 348 154 401 Hoc
170 358 252 417 emer,
270 349 320 400 hoo
338 351 586 416 spernat,promissi
604 351 731 400 carminis
750 362 851 403 auctor.
910 356 918 381 ⁸

87 420 129 469 Jn
148 418 237 469 verbis
253 419 334 483 etiem
351 419 438 469 tenuis
455 431 549 469 cautus
567 436 599 469 ue
616 420 744 485 serendis,

78 482 206 557 ‘Dixeris
222 488 338 555 egregie,
356 498 448 537 notum
464 487 488 536 εἰ
505 436 607 539 raidida
624 487 732 538 verbum

90 555 256 605 Reddiderr't
273 556 398 606 iunctura
414 572 521 607 novum·

49 620 217 692 istinguunt
242 621 374 693 plerique
398 622 486 675 hodie
517 630 547 674 et
577 623 753 693 suspendunt
780 622 940 678 orationem
967 641 986 680 ι

49 707 104 743 ren
125 691 240 759 medio,
272 704 302 742 ur
319 693 381 742 'iam
404 708 475 749 nune
492 692 580 743 dione.-
608 692 712 744 deinde
728 689 803 743 illud
821 692 983 761 ordiuntur,

49 758 99 813 tud
118 758 214 813 cuivis
231 775 366 829 mognam
382 760 602 815 admirationem
620 767 746 813 moveat:
776 760 836 811 Iam
852 778 923 812 nune
940 763 986 812 de·

49 831 113 881 ntia
129 818 190 879 iias·
206 828 332 896 pleraque
351 828 469 896 differm.
488 828 641 880 Enimvero
658 828 757 883 siiam
771 844 849 880 nunc
865 829 924 881 dici
940 831 987 881 de·

49 910 91 961 nr,
108 904 193 959 reete
208 905 237 949 et
257 895 359 949 ordine
377 898 436 948 iam
453 912 532 953 nunc
549 898 678 948 dicentur.
697 899 741 948 An
755 895 844 965 iubes,
866 907 899 949 ut
913 913 985 967 quae

58 964 126 1017 hac
142 964 322 1017 adnotatione
333 966 393 1017 iem
408 982 486 1017 nunc
500 983 516 1017 o
532 965 651 1018 medici
666 973 787 1035 oportet,
807 981 841 1019 ea
854 966 986 1018 differem
1030 1016 1033 1021 .

58 1033 222 1087 omittam?
239 1034 316 1102 Ergo
328 1041 377 1085 aut
390 1033 542 1095 tenendum
557 1033 630 1087 mihi
644 1043 693 1100 est,
714 1042 762 1085 aut
776 1033 832 1086 alia
847 1035 987 1105 quaedam
1070 1036 1073 1042 '

49 1101 151 1160 nenda
169 1110 242 1169 sent,
263 1118 336 1172 quse
352 1118 430 1153 nuno
449 1102 510 1155 dici
525 1120 584 1155 non
604 1102 753 1155 debebant.
789 1102 901 1155 Bellum
919 1119 987 1155 sane

50 1170 229 1239 incoeptum,
258 1169 307 1221 rui
328 1170 404 1222 mihi
415 1228 418 1232 ,
429 1170 484 1223 illi-
501 1186 568 1237 cum
591 1171 714 1224 maxime
730 1171 928 1243 obtemperare
945 1171 988 1223 vi·

49 1248 149 1305 utut,
186 1238 237 1309 qui
261 1236 340 1290 hune
365 1238 462 1293 locum
487 1246 547 1293 tam
572 1256 658 1308 prove
681 1254 815 1291 enarrare
837 1239 986 1291 sustinent.

49 1326 82 1381 [ο
108 1322 198 1377 vero,
218 1304 313 1376 'quam
336 1316 443 1359 uttam
469 1307 590 1360 absurda
607 1318 636 1359 et
653 1294 796 1359 ἅσύστατὰ
812 1317 988 1361 commenta-

49 1394 84 1445 r,
115 1374 160 1429 sic
185 1377 280 1451 potius
305 1375 524 1445 distinguerem,
554 1375 794 1447 quemadmodum
814 1376 885 1430 olim
903 1372 1004 1431 Lam·'

49 1460 111 1499 nus

58 1512 61 1517 '
93 1484 137 1563 [dt
152 1512 208 1562 iim
224 1526 296 1563 nune
316 1510 388 1562 dicet
405 1514 460 1563 inm
478 1531 549 1565 nuno
567 1513 691 1566 dedentio
709 1514 781 1573 dici3

90 1580 230 1649 Pleraque
247 1580 373 1649 differam
392 1594 416 1631 et
433 1594 557 1648 praesens
573 1584 603 1633 in
619 1596 722 1651 tempus
741 1583 855 1633 omittat.

49 1657 173 1719 motus,
192 1649 295 1718 inquit,
314 1656 409 1701 rectus
426 1650 495 1702 ordo
513 1660 541 1701 et
557 1649 687 1711 luridum
706 1652 730 1703 si
745 1650 804 1702 ianr
821 1649 899 1703 diaes
916 1666 989 1721 quae

49 1734 105 1771 oue
126 1716 251 1787 postulat
267 1724 300 1767 ut
316 1720 375 1769 iam
396 1717 543 1785 dicentum
564 1718 701 1789 pleraque
718 1735 795 1784 vero,
817 1718 920 1787 quibus
936 1720 990 1779 sci·

49 1794 96 1839 ret
115 1792 250 1857 praesens
269 1783 347 1837 loeus
373 1803 432 1838 non
457 1796 512 1853 est,
543 1786 576 1839 in
599 1796 712 1845 ternpus
736 1785 816 1839 aliud
839 1795 867 1838 et
890 1786 989 1840 locum

49 1852 256 1911 mmodiorem
277 1853 398 1906 differas.
442 1854 528 1923 Atqui
551 1854 623 1907 haec
647 1848 766 1908 Ordinis
791 1855 881 1907 tuerit
908 1856 990 1924 quasi

49 1922 160 1977 nfinitio
184 1922 339 1993 generalis:
370 1923 472 1975 Noster
491 1939 559 1977 vero
582 1925 708 1976 virtutem
731 1923 780 1974 hie
800 1922 943 1993 quandam
962 1934 990 1977 et

49 2006 166 2045 uanam
184 1990 294 2043 ordinis
311 2008 434 2043 venerem
451 1990 574 2061 indicet,
601 1992 780 2045 reconditum
797 1991 909 2044 seilicet
926 2009 990 2062 gra·

49 2078 98 2113 am
116 2066 148 2111 et
167 2067 355 2127 venustatem,
388 2068 470 2112 ceute
496 2064 549 2112 nee
572 2060 634 2115 sine
678 2059 787 2113 esioulo
808 2061 989 2115 tentandam:

49 2128 97 2183 ide
115 2127 252 2197 estquod
269 2127 363 2199 addit,
388 2133 439 2180 Aur
456 2147 505 2196 ego
515 2128 615 2197 fallor.
675 2131 752 2201 tqui,
772 2130 797 2187 si
816 2129 991 2182 Lambinum

52 2194 173 2267 queris,
199 2195 276 2248 haud
300 2198 456 2261 serendum
481 2207 542 2250 erat
559 2206 590 2250 ut
613 2198 780 2252 falleretur:
798 2199 901 2251 'immo
921 2198 991 2251 adeo

49 2267 152 2319 lanum
176 2272 342 2335 certumque
367 2275 422 2330 est,
454 2274 486 2316 ut
509 2282 546 2319 ne
585 2267 767 2335 raeoeptio'ne
785 2267 902 2335 quidem
920 2284 992 2336 opus

49 2344 73 2387 t.
110 2331 190 2413 quid
213 2331 324 2399 igitur?
359 2333 513 2386 Enimvero
536 2284 678 2386 falluntur
701 2334 749 2393 hic
768 2335 941 2403 interpretes
958 2336 991 2387 in

49 2400 187 2455 insumis
212 2400 272 2451 illis
296 2400 442 2452 vocabulis
466 2405 524 2451 lam
543 2420 630 2452 nuno:
660 2418 732 2472 quae
755 2401 806 2453 ubi
833 2401 922 2452 semel
945 2420 991 2454 ve-

49 2472 149 2536 lunt,
187 2484 299 2520 raesens
323 2477 434 2539 tempus
460 2468 611 2535 denotant3
641 2470 692 2522 ubi
717 2485 784 2522 vero
812 2477 988 2537 repetuntur,

49 2540 110 2593 lem
130 2486 227 2589 vadent
246 2554 279 2589 ac
296 2538 442 2589 Interdum.
486 2539 522 2591 Et
539 2539 570 2588 in
594 2538 773 2609 simplicibus
797 2534 913 2605 quidem
931 2540 992 2587 Iam

49 2604 179 2725 :Nugm
194 2604 355 2724 sealueris
371 2605 426 2659 hoc
444 2608 622 2661 notissimum
640 2616 695 2659 ests
724 2606 826 2660 Noster
842 2605 932 2657 Serm.
950 2606 989 2674 II,

71 2684 106 2728 et
149 2683 215 2743 pist.
264 2713 271 2740 ,
297 2692 319 2725 1.

99 2740 162 2863 gui
181 2758 240 2795 tom
258 2754 389 2810 conteneo,
408 2744 466 2796 iam
484 2744 546 2795 laxo
556 2742 628 2809 sune
645 2740 758 2793 laborat.
848 2764 877 2789 ι·
926 2800 929 2811 Ι

132 2826 188 2861 uno
206 2808 368 2863 adlatarum
389 2815 494 2877 studiis,
514 2827 592 2862 nuno
614 2813 680 2862 arsit
698 2826 834 2879 equorum.

49 2878 85 2934 ed
104 2888 135 2929 et
153 2879 312 2946 composito
331 2883 391 2931 Iam
414 2899 484 2932 nnnc
510 2880 551 2932 sio
575 2880 666 2931 utitur
684 2880 811 2945 Persius,
841 2888 993 2953 perpetuus

49 2946 132 3003 'ostri
148 2945 292 3000 imitator:
312 2947 367 3000 Sat.
389 2952 420 3015 V,
443 2967 499 3002 ιιο.
875 2952 878 2957 ’
928 2980 932 2991 ·

101 3016 140 3066 Et
160 3016 278 3065 modicus
295 3019 361 3082 voti,
380 3035 471 3085 presso
491 3018 557 3078 iare,
578 3014 664 3064 dulcis
681 3013 798 3065 amicis?
954 3074 956 3083 Ι

100 3084 164 3134 Iam
182 3100 260 3135 nunc
280 3085 443 3152 adstringes,
462 3086 520 3137 iam
539 3099 617 3137 nuno
638 3085 766 3148 granaria
783 3082 882 3134 lases?

49 3151 122 3225 luod
141 3150 178 3201 ed
196 3151 366 3223 exemplum,
387 3153 465 3205 hunc
483 3153 517 3205 do
538 3169 593 3223 quo
611 3152 721 3219 agimus
740 3150 837 3203 lorum
854 3153 994 3223 interpro-

49 3218 159 3277 theris:

108 3288 145 3337 Ut
161 3286 219 3339 iem
238 3304 316 3340 nunc
336 3290 416 3353 dicat,
434 3287 494 3339 ism
511 3304 589 3339 nunc
608 3286 731 3337 debentia
747 3287 803 3339 elici
844 3280 851 3305 ¹

57 3392 72 3403 ..
106 3356 240 3423 Pleraque
258 3357 373 3424 dfferor,
393 3370 419 3407 et
435 3374 562 3424 praesens
577 3357 606 3406 in
623 3364 725 3421 rempus
741 3358 856 3409 omittat.

51 3443 91 3481 oc
110 3433 166 3489 est,
187 3434 219 3476 ut
236 3426 368 3476 interdum
386 3426 462 3477 dicat
481 3424 593 3488 omnia,
618 3424 751 3475 interdum
789 3424 905 3495 lemque
942 3440 995 3475 use

51 3494 181 3549 ehebsnt
205 3491 264 3545 diei
291 3502 318 3543 et
344 3494 502 3547 odiorum
526 3492 707 3563 pertinebant
731 3492 759 3543 di
783 3492 843 3545 er'et
867 3493 898 3543 in
916 3442 996 3545 dius

49 3577 170 3635 emptus
188 3578 226 3615 ne
242 3561 321 3616 molo
336 3561 448 3616 seilicet
463 3560 522 3616 rtis
537 3556 725 3630 περιστάσεων
741 3562 880 3615 obruetur
896 3560 997 3627 lector,
