2250 3990
368 320 571 369 cirninum
606 322 680 376 nra.
711 304 739 369 1.
990 315 1053 383 ⁶9-

61 402 161 479 mngit
177 418 213 460 e!
227 404 337 460 Seneca
352 402 551 481 NaffQuaest.
570 410 609 477 V,
636 414 677 468 18·
700 456 703 461 .
721 406 812 461 Dedit.
822 406 898 463 Deus
919 421 1029 486 ventos,

64 476 103 527 ad
120 476 325 527 custodiendam
341 477 413 527 coeli
428 478 611 546 terrarumque
635 478 802 545 temperiem,
828 482 864 530 ad
879 486 1032 538 euocandus

61 544 324 613 iupprimenriarque
340 562 440 615 aquas,
463 547 499 596 ad
516 544 632 599 alendos
655 559 775 597 satorum
799 556 878 616 atque
903 551 1029 605 arborum

57 608 184 679 fructus,
213 630 281 681 quos
305 612 341 663 ad
365 615 547 665 maturitatem
566 632 626 666 cum
645 614 709 666 aliis
727 614 827 665 caussis
843 618 952 671 adducit
967 623 1029 689 ipsa

57 680 183 755 matio,
198 679 345 735 attrabms
361 680 449 732 cibum
466 684 496 733 in
512 702 624 747 summa,
643 696 669 733 et
685 701 719 734 ne
736 694 868 751 torpeant,
886 703 1002 745 mouens,

333 756 460 831 XXIII.
512 784 564 831 nn
592 784 758 841 cntonn.
1051 822 1055 829 .

94 866 124 917 4.
142 849 279 903 durarum
295 864 322 913 et
338 851 426 912 eiliiae
444 852 524 921 metu]
559 852 616 906 Ubi
631 853 721 906 siliiae
735 851 829 907 tribur
844 854 959 924 tyllebit
974 874 1028 931 po·

57 918 136 991 μιῆς
154 926 189 971 ιιι
207 918 314 972 iterum
332 918 423 990 Epod.
442 920 522 973 xm.
958 928 961 933 '

284 986 368 1039 Nunc
384 1005 467 1054 more,
484 1006 556 1041 nune
573 988 665 1043 silbae

110 1054 262 1119 ,intencio
281 1056 410 1125 Aquilone
427 1070 531 1110 sonant.
592 1072 595 1077 ·

57 1122 145 1197 Quod
163 1124 299 1194 equidem
317 1140 374 1175 nou
420 1142 514 1185 ossum
537 1142 597 1179 non
620 1122 773 1187 demirarit
799 1140 869 1179 cnm
893 1128 978 1199 adeo¹
992 1130 1028 1185 in

57 1200 321 1315 manganes&
327 1194 494 1328 gastoni
509 1192 653 1265 elegantia
670 1192 809 1265 nauaque
826 1195 857 1249 vi
873 1213 1028 1255 mensurae

123 1322 268 1381 'Auratum
285 1341 311 1381 et
326 1298 551 1403 nemoiismetu,

57 1473 71 1491 '·
129 1464 217 1520 Nunc
234 1484 315 1534 mare,
335 1485 407 1521 nune
423 1484 556 1523 nemore:

57 1536 149 1611 plene
166 1546 202 1589 ut
216 1536 478 1606 Virgilius-Georg.
499 1538 522 1604 I,
543 1549 603 1606 335.

128 1604 216 1657 Nunc
233 1624 342 1657 nemora
359 1608 465 1673 ingenti
479 1620 568 1670 vento,
586 1620 657 1657 nunc
675 1601 768 1659 littora
784 1604 928 1676 plangunt.

57 1672 162 1755 Neque
177 1682 276 1727 nmen
294 1673 340 1727 vel
357 1672 549 1725 dubitandum
569 1673 686 1741 quidem
705 1683 747 1727 est
765 1674 801 1727 de
818 1675 952 1729 lectionis
968 1674 1034 1729 tin·-

57 1750 201 1809 eerrtate3
229 1758 296 1811 eum
321 1758 387 1794 erm
410 1758 509 1794 omues
526 1739 632 1809 ubique
650 1741 762 1795 codices
780 1746 965 1813 confirment,
997 1754 1028 1797 et

57 1808 228 1875 Rrireiauuo
254 1811 348 1863 tribua
374 1810 406 1861 in
430 1808 503 1861 locis
525 1826 554 1879 p.
573 1810 639 1877 546,
660 1824 726 1878 740,
749 1824 798 1880 103
818 1851 823 1862 .
842 1812 895 1865 ubi
912 1829 946 1865 eo
963 1812 1033 1883 ipso

57 1876 236 1931 lindriacum
254 1878 334 1929 hunc
357 1875 491 1944 adducit,
520 1884 554 1927 ut
578 1877 667 1927 Sililae
691 1830 872 1948 trisyllabum
896 1896 954 1933 eree
978 1881 1030 1933 do·

57 1956 134 2001 mat.
187 1945 322 1999 Similem
346 1962 414 1997 sane
443 1943 576 2013 Dialysin
600 1944 631 1994 in
649 1944 833 1999 aliisverbis
852 1946 1030 2001 admiserunt

57 2030 122 2069 non
139 2012 399 2081 annullandum,
466 2014 477 2065 i
515 2011 592 2064 eulto
609 2012 712 2067 durior
730 2024 787 2084 est,
813 2014 863 2068 aed
879 2016 1029 2070 rereiseimi

57 2078 217 2137 Politerum
234 2082 369 2135 Tibullus
387 2091 416 2133 et
461 2030 569 2134 vidius:
589 2079 641 2137 ille
659 2081 740 2152 Eleg.
761 2102 785 2154 ι,
804 2102 830 2157 7.
848 2091 878 2136 et
895 2082 975 2153 alibi,
1050 2140 1055 2145 ,

132 2152 256 2204 Stamina
273 2170 327 2201 non
344 2151 397 2201 ulli
413 2150 585 2201 dissoluenda
602 2151 660 2201 den.

59 2214 113 2273 hie
128 2220 160 2273 in
176 2220 269 2290 Epist.
290 2218 411 2271 Medeae
429 2219 533 2271 Iasoni.

131 2289 290 2341 Debuerant
299 2287 382 2353 susos
398 2288 528 2338 evoluisse
546 2304 626 2339 meos.

63 2362 95 2405 et
111 2357 226 2424 passim.
264 2358 369 2407 Verum
388 2355 445 2408 alia
464 2354 536 2408 ratio
553 2356 658 2408 horum
682 2362 737 2423 est,
770 2355 843 2424 alio,
874 2357 908 2409 ni
931 2354 1041 2426 fallor,¹

66 2425 158 2476 riliiae.
196 2424 275 2476 Soloo
294 2424 372 2475 enirn
391 2432 418 2475 et
442 2424 537 2488 volvo,
566 2424 590 2475 si
617 2432 818 2477 consonantem
843 2423 875 2477 in
899 2424 1030 2477 vocalem

70 2488 244 2561 dissolveris,
271 2492 396 2561 primam
402 2492 528 2555 brevem
544 2491 707 2556 habebunt3
744 2502 777 2542 nt
803 2509 836 2543 ex
862 2493 974 2561 supinis
999 2500 1029 2544 et

71 2561 228 2641 porticiniis
244 2569 361 2628 constat,
382 2561 497 2625 Solutus,
515 2560 639 2610 volutus:
657 2562 731 2611 Silvo
748 2570 852 2627 autem,
872 2564 959 2612 etiam
976 2576 1030 2630 per

75 2624 211 2683 daeresrn
229 2629 259 2680 in
280 2638 337 2680 tres
355 2628 475 2696 syllabas
494 2627 635 2694 dissoluta,
657 2629 779 2698 primam
799 2637 896 2680 tamen
913 2628 1030 2696 longam

75 2694 219 2763 retinebit3
248 2696 390 2767 siquidem
407 2706 518 2749 certum
536 2704 578 2747 est
595 2713 612 2749 a
629 2697 740 2748 Graeco
756 2689 825 2761 ὕλη,
853 2697 899 2747 vel
917 2703 968 2766 per
986 2696 1030 2747 di·

77 2774 179 2883 qmma
198 2764 349 2821 Aeolicum
365 2757 454 2832 iian,
486 2764 623 2816 Latinum
642 2765 716 2814 Siloa
734 2764 912 2832 profluxisse.
954 2765 1029 2817 Nem

77 2848 117 2902 ιη
134 2834 253 2905 quidem
272 2832 347 2904 apud
367 2835 491 2886 Graecos
514 2832 652 2900 syllabam
678 2831 802 2901 primam
826 2848 938 2900 semper
964 2849 1030 2901 pro·

78 2898 180 2956 ductam
201 2902 296 2954 hahet.
332 2905 377 2953 Itu
394 2902 501 2953 Miluus
516 2910 566 2962 ant
586 2902 692 2964 miliaro,
713 2901 771 2952 sive
788 2899 966 2969 trisyllabon,
987 2900 1029 2951 fa·

76 2969 138 3039 tiae,
158 2980 282 3041 utroque
300 2970 385 3023 modo
401 2969 526 3040 primam
543 2970 660 3040 longam
684 2977 784 3020 servat.
826 2968 880 3021 Sed
906 2985 940 3019 eo
966 2977 1029 3020 tan-

76 3039 214 3092 nmhaec
233 3048 379 3105 notemus,
409 3046 442 3090 ut
463 3053 598 3091 acuemus
621 3035 801 3089 eriiditorum
817 3036 942 3088 iudicia:
970 3052 1030 3088 non

74 3117 99 3160 nt
112 3114 228 3172 poetam
239 3107 349 3176 ‘cnlpae
366 3106 579 3172 insimulemus,
600 3106 650 3175 qui
668 3109 729 3157 sine
748 3105 834 3159 dubio
851 3122 885 3156 ex
903 3119 955 3155 usn
973 3120 1031 3156 ser·

57 3178 159 3229 'monis
178 3187 208 3229 et
224 3176 403 3228 eruditorum
423 3175 629 3228 consuetudine
647 3174 720 3224 scire
737 3174 840 3225 melius
857 3172 1030 3241 faciliusque

72 3241 135 3298 baec
154 3245 257 3315 potuit,
277 3261 362 3313 qnam
381 3244 473 3312 quivis
490 3243 576 3295 hodie
595 3243 761 3294 mortalium
779 3259 811 3294 ex
828 3240 947 3293 incertis
957 3242 1032 3293 Ana·

74 3310 164 3384 logice
181 3312 342 3367 rationibus
359 3320 436 3365 tanto
455 3322 518 3381 post
535 3309 686 3364 intervallo
704 3309 853 3363 hariolari.

99 3398 124 3452 5.
148 3383 234 3446 Nom,
252 3399 299 3433 seu
319 3381 460 3431 mobilibus
476 3383 547 3431 veris
566 3379 699 3429 inhorruit
716 3380 851 3430 Adventus
860 3377 955 3445 foliis]
984 3378 1030 3428 lta

70 3447 138 3503 libri
156 3450 275 3521 quidem
294 3449 383 3505 nostri
403 3465 506 3518 magna
521 3448 696 3501 constantia:
715 3456 748 3517 ut
765 3458 793 3500 et
810 3446 943 3568 ,lienique
959 3443 1031 3497 alio-

834 3523 855 3583 t,

70 3534 142 3574 rum.
179 3519 264 3572 Solus
281 3519 414 3571 Muretus
433 3535 466 3569 ex
484 3517 631 3575 codicibus
649 3514 706 3568 suis
723 3525 809 3587 pratu
825 3515 830 3526 '

133 3588 214 3639 Nam
230 3606 277 3639 seu
295 3584 520 3655 mobilibusnitis
537 3585 673 3636 inhorruit

137 3656 180 3709 Ad
199 3664 319 3709 ventum
329 3655 424 3723 foliis,

73 3724 155 3799 Quod
171 3725 212 3781 ad
228 3724 358 3797 priorem
374 3720 533 3779 lectionem
550 3724 665 3795 attinet,
696 3718 798 3780 multia
826 3735 862 3779 ee
876 3714 1056 3777 nominibus
