2250 3990
131 136 225 235 322.ae
288 161 293 167 ’
414 186 447 242 q.
487 144 651 227 uenerit
688 180 822 231 raaces

134 268 218 323 Idem
237 262 290 319 lib.
309 261 398 317 XVII.
730 272 738 287 ‘

199 337 218 389 1
234 336 293 387 sius
309 334 415 403 ingenti
431 333 504 403 regis
521 334 638 385 tentoria
654 333 728 385 saltu
1085 380 1091 387 .

196 409 201 414 ’
227 403 328 471 ugubre
345 403 522 475 increpitans
538 403 592 453 iate
610 402 788 455 circumuolat
805 400 898 471 arder.
966 424 969 429 ·
1067 420 1071 431 ·

131 472 215 527 Idem
231 471 283 525 lib.
300 472 371 524 xlv.
641 518 650 531 ,
896 488 899 493 ’
1049 474 1057 481 “

199 541 304 611 ξινᾳιιι
320 539 409 591 altam
426 539 523 590 ritatem
540 550 566 588 et
584 538 665 589 toties
681 532 828 595 crescentia¹
845 550 918 615 tectp

199 610 312 661 Scandit
330 626 422 673 ouant,
442 608 594 677 rapidisque
613 619 692 666 vorat
709 608 883 678 crepitantia
893 608 1024 675 flammis
1073 638 1092 683 Ι;-

199 678 319 729 Robora.
1032 704 1048 733 ·,

129 748 176 801 lta
194 744 374 799 ddctiesimut
390 742 508 796 Mediae
525 759 559 795 ex
578 740 768 809 membranis,
784 742 825 797 ‚in
845 741 925 795 Lect.
943 744 1078 813 Norantip

129 821 192 895 cap.
221 831 265 883 44.
292 831 359 867 curn
389 822 473 865 antea
500 812 736 865 circumferretur
749 812 936 879 trepidantia.
981 814 1079 885 saepi!

128 900 210 937 erntn
226 898 278 936 eae
286 879 377 937 'voces
393 880 558 934 aLibrariie
575 882 808 945 contunduntup;
824 888 862 938 ¹ut
878 880 912 933 iu
931 880 989 935 bac
1002 875 1080 937 rad

128 950 194 1008 lete
212 952 299 1006 crede
317 949 454 1005 evenisse.
489 950 570 1003 Idem
589 950 676 1003 Silius
696 949 747 1001 lib.
767 950 841 1001 xvl.
926 968 931 980 ·

558 1037 622 1069 nam
640 1019 760 1069 concinas
777 1016 878 1068 Hanno

198 1087 367 1141 Adventabat
383 1103 468 1153 agens
485 1085 692 1155 crepitantibus
711 1083 823 1153 agmina
839 1086 930 1137 settis.

127 1165 158 1210 et
179 1156 230 1210 hic
252 1156 342 1224 etiam
364 1164 431 1207 ante
450 1154 582 1207 Medium
603 1155 681 1207 Lect.
700 1156 820 1207 Norant.
839 1171 864 1206 c.
885 1168 928 1222 19.
941 1150 1015 1207 libri
1029 1150 1077 1209 vti·

126 1226 188 1297 gari
207 1223 409 1292 trepidantibus.
445 1221 618 1274 Prudentius
635 1222 792 1295 Peristepb.
811 1224 860 1291 vt,
883 1237 943 1278 totta
1066 1222 1069 1227 ’

195 1293 272 1345 Haec
288 1295 363 1343 inter.
377 1292 478 1359 rapidis
495 1292 574 1343 focos
591 1300 740 1363 crepantes

193 1364 306 1414 Intrant
323 1360 455 1429 passibus,
475 1372 501 1409 et
517 1362 656 1410 minantur
672 1362 739 1428 ipsis
800 1409 803 1415 ,

195 1430 380 1482 Flammarum
396 1428 606 1499 trepidantibus
624 1431 746 1480 caminis.

124 1496 171 1552 Ita
187 1498 302 1552 codices
318 1498 446 1569 potiores
463 1497 540 1567 apud
557 1497 620 1549 Nic.
637 1495 803 1550 Heinsiurn:
827 1495 920 1549 ceteri
940 1492 1090 1564 crepitati-

125 1567 183 1619 bus.
218 1566 274 1621 Sed
291 1566 467 1634 notandum,
495 1566 561 1618 ideo
586 1565 635 1618 bie
654 1574 733 1617 recte
756 1567 862 1619 habere
887 1564 1076 1635 trepidantibus,

54 1686 59 1692 .
124 1636 194 1706 quia
208 1636 362 1707 praecessit
379 1637 533 1686 minantur.-
559 1632 615 1704 ipsi
640 1636 718 1687 enim
743 1635 852 1687 camini
871 1649 949 1705 prae
967 1642 1041 1687 metu
1054 1636 1097 1681 st.

123 1712 236 1761 terrore
253 1704 388 1771 trepidare
406 1704 455 1755 hic
474 1705 633 1773 tinguntur.
667 1704 731 1774 Qua
750 1704 838 1756 modo
856 1714 894 1757 et
910 1702 988 1775 apud
1005 1702 1076 1755 sene

63 1808 66 1812 -
124 1786 190 1828 cam
236 1772 322 1843 edipo
338 1782 366 1825 r.
382 1780 443 1840 383·
487 1802 494 1811 „
1090 1773 1093 1782 '

224 1856 288 1911 epae
305 1843 374 1909 ipsa,
391 1848 460 1909 quat
475 1852 503 1891 te
518 1838 630 1908 pepulit,
648 1841 762 1891 armenti
777 1842 873 1908 granis

143 1959 147 1968 ,
195 1909 254 1960 Ver
270 1922 318 1972 est,
336 1926 514 1978 necunquam
532 1912 620 1960 territi
639 1920 763 1960 resonant
779 1926 898 1977 greges:

190 1977 322 2043 immugit
340 1978 397 2027 aris
412 1979 495 2044 ignis,
515 1989 542 2027 et
558 1978 704 2048 trepidant
713 1978 784 2046 soci.

57 2107 59 2113 ¹
123 2052 154 2098 et
170 2042 294 2114 Thyeste
313 2061 339 2096 v.
357 2046 418 2115 767.

476 2114 617 2181 impositas
634 2114 717 2180 dapes

195 2176 340 2231 Tranrilit't
358 2180 441 2246 ignis,
461 2182 540 2249 inque
558 2183 734 2252 trepidantes
745 2181 829 2249 focas

190 2247 239 2298 Bis
254 2260 295 2298 ter
312 2263 440 2315 regestus,
459 2262 484 2298 et
500 2253 560 2318 pati
575 2254 664 2303 iussus
681 2269 783 2303 moram

190 2314 298 2368 Invitus
315 2318 399 2367 ardet.

93 2450 95 2454 ι
122 2379 164 2436 Ita
180 2392 260 2437 recte
277 2384 438 2439 Gronovius
464 2395 546 2456 pater
571 2405 605 2439 er
627 2386 816 2441 vetustissimo
837 2386 993 2455 Medium
1019 2400 1077 2440 ern

120 2454 295 2506 recentiores
318 2453 471 2507 habuerint
495 2458 645 2524 crepitant,
674 2467 702 2508 et
728 2458 916 2525 crepitantes:
947 2459 1077 2509 nimirum

121 2520 178 2590 ipsi
195 2521 244 2575 hic
262 2521 321 2576 ioci
339 2540 409 2603 prae
428 2525 626 2577 horrore-diri
647 2527 781 2578 sacrificii
800 2526 984 2592 trepidabant.
1012 2526 1093 2579 Cura·

119 2600 217 2642 autem
233 2590 310 2643 nibil
327 2593 466 2645 erusrnodi
485 2595 613 2646 culinam
634 2594 731 2646 Flacci
754 2596 1005 2664 perterrefecerit,
1033 2588 1079 2645 uti

119 2657 297 2713 Maecenatis
313 2662 416 2715 natalis
433 2662 579 2716 luculento
598 2663 663 2715 ioco
682 2673 710 2714 et
729 2664 803 2715 lacto
818 2664 944 2732 strepitu
962 2673 1023 2716 turn
1039 2676 1079 2713 ce·

118 2724 299 2795 lebrabatur3
327 2746 394 2782 meo
418 2731 536 2799 quidem
555 2732 663 2783 iudicio
690 2735 793 2785 meiius
807 2732 916 2802 tuerit,
950 2743 984 2785 ut
1003 2730 1079 2799 mpi-

119 2798 176 2845 t'ent
192 2796 236 2848 ibi
253 2795 398 2866 flammae,
420 2816 506 2868 quarn
525 2808 557 2850 ut
574 2802 715 2867 trepident.

152 2872 196 2928 35.
222 2864 384 2917 Minuentnr
408 2882 483 2918 atrne
508 2869 631 2918 Carmine
656 2868 748 2936 turae]
785 2866 882 2929 Codex
904 2884 983 2923 unus
1005 2870 1078 2921 Bere·

117 2933 246 2999 mannis
260 2941 288 2985 et
305 2938 399 2987 Acron
417 2936 525 3006 Regiae
541 2938 691 2989 Societetis
708 2938 936 3007 manuscriptus,
958 2941 1082 2991 mineum.

116 3013 170 3053 ntr.
206 3002 291 3071 Quod
307 3004 332 3055 si
351 3004 462 3074 placet,
495 3014 558 3058 tunt
574 3006 745 3060 sententiose
762 3006 873 3060 dictum
890 3006 967 3075 erit3
998 3016 1032 3059 ut
1048 3004 1078 3059 il·

117 3066 171 3122 lud
190 3068 285 3123 Carm.
305 3072 343 3142 Π,
364 3087 405 3127 ιι.

535 3144 650 3214 dissipat
667 3145 753 3195 Euius

184 3205 271 3257 curas
287 3207 391 3262 edaces.
978 3250 981 3256 .

113 3272 165 3328 sin
184 3274 280 3344 potius
297 3278 421 3345 arridet,
450 3280 527 3349 quod
549 3280 603 3334 reli
627 3296 679 3334 uae
698 3280 882 3335 membranae
900 3280 1076 3352 praeierunt,

115 3344 283 3395 minuentur:
311 3347 426 3400 turned
445 3347 536 3402 solem
554 3300 686 3420 Pbyilidn
704 3350 846 3421 respiciet,
866 3353 1075 3420 quarendum

113 3411 238 3483 Telephi
254 3429 353 3469 atnore
370 3417 598 3472 contristabatur.
630 3422 723 3489 Atque
740 3418 795 3472 hoc
812 3418 926 3473 melius.

373 3498 449 3566 XII.
502 3521 554 3567 nn
585 3520 806 3568 vrnetrtun.

143 3597 170 3654 p.
195 3582 276 3654 Quod
294 3587 364 3643 mais
382 3587 522 3657 barbaras]
560 3586 650 3643 Liber
668 3587 776 3660 Regiae
795 3590 963 3657 societatis,
992 3606 1074 3663 pins·
