2250 3990
131 186 194 252 316
408 195 439 250 o.
474 191 633 237 rossus
666 193 797 237 ernost

132 283 216 338 ons.
235 280 305 333 Fen.
324 278 376 343 111,
395 288 438 345 55.

199 351 264 402 Non
281 363 331 415 ego
351 356 378 396 te
396 357 488 395 tantae
505 345 597 395 nutris
613 341 762 393 Laurentia
777 348 874 412 gentis,

235 417 294 467 Nee
311 426 422 466 taceam
438 426 549 477 vestras,
569 410 696 463 Faustule
714 430 825 480 pauper,
843 434 915 483 opes.

131 486 261 543 Valerius
277 484 352 536 Flac.
372 483 420 549 Vl,
441 497 498 549 ²35·
781 524 786 535 .

200 557 266 606 Non
284 569 346 619 ego,
365 551 522 615 sanguineis
539 560 686 616 gestantem
704 560 831 615 tytnpana
848 549 930 619 lillis

204 623 396 690 Thyrsagetem
410 621 573 686 cinctumque
591 618 667 684 vagis
683 628 743 683 past
760 627 837 683 terga
847 618 939 672 silebo

204 690 332 741 Pellibus.

133 759 236 829 virgil.
254 760 288 825 X5
307 764 365 827 793.

182 830 266 881 ¹Non
283 827 401 895 eqztidem
418 841 465 875 nee
482 831 520 890 te,
538 822 643 874 iuvenis
660 822 836 891 memorande,
854 823 955 877 silebo.

133 897 218 968 Quod
237 898 261 947 si
277 896 353 945 sileri
369 893 498 963 reponis,
524 900 556 940 ut
575 894 747 944 constructio
768 893 820 958 sit,
848 893 915 943 Non
932 910 983 961 ega
1002 893 1081 960 patiar

132 980 159 1016 re
177 965 253 1016 sileri
271 966 423 1016 inornatum
440 964 505 1011 meis
522 958 638 1021 chartis,·
655 960 720 1011 vide
739 960 832 1028 modo,
852 978 939 1031 quem
957 961 1080 1013 inficeto·

132 1044 163 1086 et
180 1035 293 1101 ineptus
309 1034 403 1082 se'usus
422 1028 572 1079 enascitur.
614 1027 679 1079 Non
695 1030 809 1095 potiar‚·
829 1029 859 1081 in
903 1032 941 1097 it,
971 1030 1082 1081 resilui

102 1115 105 1122 ·
132 1103 206 1158 meis
224 1101 332 1151 chartis.
369 1099 523 1167 Quorsum,
542 1096 658 1161 amabo,
680 1095 755 1148 illud
771 1048 885 1164 paneri
909 1096 979 1169 quid
999 1106 1102 1151 tento·

132 1188 202 1241 pere
230 1166 415 1221 laborandum
443 1165 522 1216 esst?
566 1165 650 1231 Quasi
679 1181 746 1217 vero
774 1164 883 1217 Lollius
907 1165 1081 1218 interdixerit

133 1241 245 1301 Flacco,
263 1254 300 1287 ne
317 1235 386 1304 quid
404 1234 437 1284 de
454 1251 484 1285 se
500 1232 651 1285 scriberet:
669 1234 815 1303 autquasi
832 1234 952 1285 Chartae
971 1236 1028 1287 eius
1043 1234 1080 1285 in·

132 1307 208 1358 sitne
225 1313 253 1355 et
271 1303 442 1355 reluctantes
460 1310 537 1371 gesta
554 1300 644 1352 Lollii
668 1302 816 1353 referrent.
851 1302 882 1354 Si
904 1302 981 1361 illud
1004 1302 1080 1355 ruod·

133 1374 260 1439 dixisset,
290 1371 356 1421 Nem
374 1372 462 1437 pretias·
488 1382 512 1419 te
529 1367 738 1430 chartissileri5
767 1378 799 1421 ut
817 1387 884 1423 mot
903 1370 994 1439 dicit,
1023 1370 1081 1421 Nost

132 1444 223 1562 {tutior
238 1456 298 1491 tuas
314 1438 566 1490 laboresottiotone
583 1439 659 1505 carpi
665 1458 677 1499 ,·
693 1449 770 1490 recte
788 1439 965 1507 promisisset
981 1456 1010 1491 se
1022 1436 1080 1491 Lot·

148 1514 170 1561 n
188 1508 285 1561 leudes
302 1508 483 1577 scripturum,
503 1504 625 1557 aliorum
642 1512 788 1575 positurum
807 1506 991 1577 neglegentia
1009 1522 1080 1577 pree·

133 1578 237 1631 teritss.
273 1578 355 1631 Nunc
374 1592 440 1627 eum
457 1574 585 1628 additum
603 1574 654 1639 sit,
686 1577 752 1625 meis
775 1573 895 1637 chattis3
923 1576 1000 1627 illrul
1022 1591 1080 1627 vett

133 1646 322 1717 significaret,
341 1663 387 1710 se,
406 1653 582 1712 repugnante
599 1652 628 1693 et
643 1651 757 1696 vetante
771 1644 818 1697 vel
836 1643 949 1711 Lollio,
969 1642 1080 1697 velulis

132 1716 276 1786 quopiam,
296 1713 326 1776 id
345 1728 541 1782 aggressurum
559 1728 623 1761 esse.
655 1712 736 1780 Quod
754 1730 821 1764 cum
837 1714 994 1765 absurdum
1008 1711 1044 1765 sit
1057 1718 1081 1763 et

133 1804 151 1836 e
165 1801 233 1848 yero
247 1783 403 1848 abhorreat,
425 1791 541 1851 apparet
558 1780 610 1833 illa
626 1782 761 1849 potiores
779 1783 846 1833 meis
863 1797 923 1835 uns
939 1781 1082 1847 euntium·

132 1871 191 1906 uon
212 1868 298 1921 posse.
333 1851 503 1902 Revocunda
525 1851 613 1916 igitur
637 1859 679 1901 est
704 1850 794 1901 alters
818 1849 907 1903 lectio
932 1851 1032 1913 sileh03
1052 1859 1080 1901 ut

134 1938 221 1991 quem
237 1921 270 1971 in
287 1920 387 1989 primis
405 1918 577 1972 editionibus
594 1917 691 1970 locum
707 1918 822 1987 hebuit,
841 1920 928 1987 etism
946 1920 980 1971 in
997 1920 1079 1975 assiu

134 1990 213 2042 simis
233 1995 427 2054 consequntur.

168 2073 208 2124 59.
230 2054 377 2119 Consulares
396 2073 449 2103 tum
466 2058 545 2103 unius
562 2054 637 2121 anni]
666 2056 758 2109 Locus
774 2056 824 2107 hie
841 2056 1023 2124 perdifficilis
1035 2065 1077 2125 etl,

134 2133 163 2178 et
180 2123 258 2175 varis
274 2120 425 2171 hominum
442 2122 550 2173 iudicia
568 2133 705 2193 expertus.
741 2128 789 2175 Est
809 2125 872 2190 tibi,
893 2125 1004 2196 inquit,
1029 2128 1080 2177 eni·

134 2209 207 2253 mus,
229 2206 326 2238 ounrne
338 2188 451 2252 fraudis
466 2190 582 2255 vindex,
610 2209 663 2240 tum
681 2195 759 2244 unius
778 2195 844 2243 anni
860 2190 977 2263 consul,
1006 2196 1079 2247 tonus

135 2257 301 2326 niquejielus
319 2256 418 2320 iudex,
443 2260 488 2325 ossi
507 2260 594 2317 reiicit
612 2264 763 2311 nocentium
780 2263 850 2311 dona
868 2263 926 2314 alto
944 2264 1039 2329 vultu,
1057 2275 1079 2313 et

133 2346 181 2397 per
198 2325 330 2376 obstantes
347 2338 468 2375 catervas
484 2325 580 2377 victor.
615 2328 692 2381 llaec
710 2329 805 2380 omnis
822 2330 854 2380 in
873 2332 989 2400 periodi
1005 2332 1080 2383 huius

135 2410 219 2447 eursu
243 2393 276 2443 de
299 2392 387 2443 Lollii
413 2396 499 2445 animo
528 2395 740 2465 praedicuntur:
772 2414 894 2465 quorum
922 2402 1080 2469 praesertim

134 2464 203 2531 illa,
223 2464 327 2523 arsimus
345 2462 458 2525 Consul,
477 2480 536 2512 eum
555 2465 610 2513 olto
627 2466 718 2529 uultu,
736 2465 933 2520 celeberrimis
952 2470 1018 2521 viris
1035 2472 1079 2521 fa·

133 2533 202 2599 ltro,
230 2540 258 2580 et
274 2530 407 2581 Dacierio
425 2528 561 2597 nouelgoln
578 2542 606 2582 et
622 2534 697 2583 male
715 2535 843 2585 allectam
860 2536 1009 2605 videntur,
1034 2554 1078 2588 ne·

134 2618 189 2669 qne
212 2600 302 2650 ullam
325 2599 428 2649 iustam
446 2602 653 2652 excusationem
671 2602 775 2653 hahere
799 2620 885 2671 posse.
937 2606 1078 2657 Videamus

132 2678 238 2732 temese,
259 2683 324 2719 cnm
341 2669 417 2718 lions
435 2685 534 2719 corum
553 2670 643 2735 venia,
664 2670 759 2739 siquid
777 2679 875 2723 eontra
891 2690 948 2741 pro
967 2674 1078 2725 Horatio

134 2737 194 2788 dici
212 2737 304 2804 possit.
349 2736 385 2786 Et
403 2736 545 2804 imprimis
568 2738 786 2803 observandum,
817 2742 939 2808 optimos
963 2758 1080 2811 quosque

133 2806 188 2858 scri
213 2815 283 2854 tores
301 2821 358 2854 non
375 2803 459 2855 aliter
473 2804 617 2857 interdurn
634 2807 669 2857 de
686 2809 791 2871 animo,
810 2824 895 2877 quarn
915 2810 951 2860 de
968 2828 1081 2880 persons

133 2874 267 2943 quopiam
292 2871 386 2940 loqui:
419 2872 514 2941 qiislia
539 2872 591 2925 illa
616 2884 695 2938 sunt,
724 2878 834 2926 Animus
861 2892 1024 2929 contemtor:
1053 2888 1081 2930 ut

134 2942 210 3010 apud
235 2939 399 2991 Sallustium
421 2943 452 2991 in
476 2940 555 2991 Bello
580 2944 710 3010 lugnrth.
738 2962 762 2994 c.
789 2944 831 3010 64.
872 2946 975 2997 Tamen
999 2950 1081 2998 inerat

134 3018 293 3060 contemtor
310 3008 436 3075 errimus,
456 3023 481 3060 et
497 3012 632 3076 superbia,
654 3028 788 3062 commune
806 3012 959 3065 nobilitatis
977 3016 1082 3068 titulum.

134 3077 236 3146 Virgo.
256 3079 325 3127 Aen.
346 3077 391 3143 lX,
411 3093 469 3146 205.
924 3125 927 3134 .

200 3148 249 3195 llst
269 3144 321 3207 leis,
339 3157 378 3193 est
394 3146 506 3198 animus
526 3147 592 3197 lueis
609 3157 774 3216 contemtor,
795 3162 820 3200 et
837 3152 919 3201 istitm

203 3213 258 3279 Qui
276 3214 330 3262 nito
348 3213 411 3263 bene
429 3216 517 3265 creelat
536 3217 595 3275 emi,
616 3234 664 3284 oreo
686 3220 778 3280 tendis,
797 3218 933 3269 honorem.

132 3291 162 3334 et
178 3281 314 3333 Senecam
330 3281 417 3348 Epist.
443 3284 538 3344 XXIV.
575 3286 639 3334 Cato
659 3304 814 3349 generosum
832 3287 910 3336 illum
930 3296 1082 3340 contemto·

131 3366 249 3418 remque
276 3350 361 3399 omnis
388 3353 521 3417 potentiae
546 3352 678 3419 spiritum
706 3372 759 3404 non
787 3357 888 3418 asstitit,
923 3358 972 3407 sed
1000 3360 1082 3407 eiecit.

132 3421 251 3473 Animus
272 3419 372 3468 vietor:
400 3418 484 3487 plane
503 3429 532 3471 ut
549 3422 596 3471 hic
616 3422 690 3489 apud
707 3424 854 3486 Nostrum,
882 3423 991 3475 Seneca
1013 3426 1082 3476 Con·

132 3487 182 3540 sol.
204 3485 240 3536 nd
257 3484 387 3537 Helviam
405 3505 429 3538 c.
450 3502 489 3539 11.
529 3491 563 3538 Ut
581 3492 678 3556 puteat
697 3493 839 3556 animum,
860 3505 898 3540 tot
918 3494 1081 3543 miseriorum

131 3557 285 3621 rictorem,
315 3571 394 3617 neers
411 3556 488 3622 serre
513 3575 595 3607 unium
617 3558 713 3610 vulnus
736 3561 764 3611 in
782 3577 888 3628 corpore
905 3574 962 3612 tam
980 3563 1083 3613 cicatri-
