2250 3990
251 150 504 231 nrtsronsnuu
533 138 739 223 nis.1„3.
781 184 787 193 -
848 196 852 207 .
887 142 974 231 ‚633

47 242 157 299 tonius
172 244 297 297 Mosella
314 264 340 297 v.
360 263 420 314 29⁰·

73 312 152 433 guis
169 313 349 365 Chalcedonio
366 324 527 364 constratum
545 311 578 362 dt
596 312 685 363 littore
700 316 829 383 pontum,'

108 382 168 448 egis
186 384 378 449 opus'magni:
395 381 491 433 mediis
510 380 629 447 Euripus
646 379 692 429 ubi
709 381 789 432 undis
831 426 833 431 .

73 450 206 517 Europae
243 467 257 501 e
274 451 403 518 Asiaeque
419 461 492 499 sistat
509 465 663 498 concurrere
681 456 778 501 terres.

47 522 186 587 {penius
208 469 290 571 illota
311 519 355 585 11,
384 533 408 573 2.
452 518 502 567 Est
529 530 554 567 et
579 518 670 582 regio,
695 517 728 567 in
751 534 803 589 qua
828 514 971 575 Persarum
1002 530 1005 535 '

47 588 144 637 irritus
167 586 270 641 divisas
294 584 379 653 spatio
396 585 649 655 pelagoqueltorrss
669 602 751 636 ausus
768 585 892 655 puppibus
910 590 971 639 iun-

47 672 80 721 re.
116 652 252 707 Lucanus
270 652 335 706 loco
353 655 413 707 iam
432 653 528 718 aiteio,
603 707 606 715 A

230 736 256 774 et
273 722 379 772 Heroas
396 723 538 773 lacrimoso
557 722 636 772 litore
656 735 752 785 turres,

47 830 51 859 3
75 790 142 911 gua
160 790 263 860 pelago
276 809 373 842 nemea
392 788 558 857 Nepheleias
575 790 800 847 obstulit‘Hellc:

52 882 57 889 ·
109 878 146 911 on
163 858 258 913 Asiam
276 860 406 910 brevioris
422 876 505 927 aquae
523 858 690 910 disterminat
706 876 819 929 usquam

79 926 193 979 Fluctus
212 929 245 977 ab
264 928 383 996 Europa·
522 976 524 981 .
745 962 749 971 ·
954 966 959 971 -

47 990 141 1049 derint
158 996 276 1047 Flaccus
293 996 331 1064 11,
353 999 411 1063 ⁶¹5·
433 995 519 1047 etiem
538 992 574 1047 de
590 994 773 1069 Hellesponto
793 994 936 1067 loquens,⁴

63 1063 143 1184 ¹guo
162 1063 284 1115 brevibus
293 1064 368 1131 furit
385 1076 474 1115 ausus
492 1064 584 1132 aquis;
602 1065 747 1133 Asiamque
762 1078 924 1135 prementem

127 1133 186 1199 'git
205 1133 325 1199 abruptis
345 1132 457 1201 Europe
475 1132 618 1183 immanior
634 1136 701 1185 arist

108 1218 139 1251 as
156 1202 237 1251 etiam
253 1209 342 1252 terras
361 1213 530 1268 consertaque
549 1202 673 1266 gentibus
690 1218 756 1253 arva

77 1270 123 1320 Sic
138 1269 235 1336 pelago
251 1270 386 1338 pulsante,
403 1286 472 1332 reor,
489 1267 632 1334 ,Neptunia
650 1271 783 1337 quondam

77 1336 182 1403 Cuspis,
202 1351 226 1387 et
245 1338 350 1388 adversi
367 1338 464 1403 longus
482 1335 558 1385 labor
577 1336 690 1387 abscidit
709 1341 779 1388 oevi.

67 1404 117 1455 'Ut
136 1406 252 1456 Siculum
273 1404 454 1473 Libycumque
471 1404 558 1453 latus:
575 1407 727 1473 stupuitque
736 1398 881 1473 fragorem
909 1400 930 1415 '¹

77 1473 163 1523 lanus
180 1486 205 1523 et
223 1473 341 1523 occiduis
360 1484 486 1536 regnator
504 1472 636 1522 montibus
656 1473 739 1524 Atlas.
919 1478 922 1483 '

47 1537 116 1590 siin
134 1557 217 1593 versu
234 1549 376 1608 postremo
393 1541 478 1588 Ioniis
494 1538 643 1591 manifeste
660 1540 795 1591 vitiosum
818 1547 866 1591 est.
902 1539 966 1592 Nic.

47 1606 145 1660 tinsius
163 1609 198 1659 ad
216 1607 300 1659 Ovid.
321 1606 393 1658 Post.
412 1608 450 1670 V,
477 1617 519 1673 33.
550 1624 632 1659 canus
649 1624 682 1659 ex
702 1609 867 1659 conicetura
885 1622 968 1676 repo-

62 1742 95 1793 it.
166 1744 226 1794 iror
243 1743 390 1812 equidem
411 1758 494 1809 nom,
513 1752 546 1794 ut
562 1759 645 1794 canus
662 1744 700 1794 sit
717 1743 809 1808 Atlas,
850 1751 967 1810 erpetui

47 1758 122 1867 lieet
141 1812 208 1862 nire
227 1812 347 1875 obsitus;
368 1819 396 1860 et
415 1810 544 1876 Pangaea
561 1812 765 1863 cana-Luceno
784 1812 807 1877 1,
825 1761 887 1875 d'go.
920 1811 968 1873 ¹l'i·

47 1880 207 1959 oPongacq
225 1880 326 1930 nivosis
344 1879 418 1929 Cone
435 1881 523 1945 iugis:
540 1878 591 1931 ills
608 1890 706 1931 temen
722 1896 778 1951 quo
798 1889 879 1945 poeto
899 1896 968 1930 coa·

47 1948 90 2017 ogi
109 1955 241 2016 possunt,
271 1948 374 2011 Canus,
399 1960 429 1999 et
448 1947 610 2013 Regnator?
644 1949 714 2018 Quis
733 1946 832 2007 tulerit
859 1947 900 1998 sic
924 1948 967 1998 lo·

47 2024 152 2080 entem,
174 2014 306 2067 Horatius
324 2032 414 2080 canus,
433 2027 461 2065 et
472 2017 605 2095 princeps,
624 2014 806 2085 Iqricorum?
836 2015 967 2067 Haecine

64 2082 162 2135 laudet
183 2084 344 2149 Heinsius,‘
362 2091 391 2134 et
414 2083 521 2153 critico
540 2095 568 2135 et
594 2087 704 2155 poitico
729 2084 814 2137 laude
838 2082 965 2137 nobilis?

47 2150 114 2203 ltem
138 2160 166 2203 et
188 2150 262 2204 illud
286 2150 426 2205 addidisse
451 2154 591 2223 oportuit,
626 2157 654 2204 ia
680 2153 879 2224 reponendum
907 2168 967 2205 esse

47 2235 61 2273 o
87 2233 121 2283 er,
855 2239 856 2243 ¹

75 2287 170 2340 Cunus
186 2287 217 2338 in
237 2290 356 2339 occiduis
373 2301 501 2355 regnator
520 2288 653 2338 montibus
671 2289 756 2339 Atlas.

47 2357 161 2407 oenim
180 2354 277 2427 aliqud
297 2356 382 2407 modo
401 2356 473 2407 ferri
491 2364 596 2425 posset.
626 2355 680 2406 Sed
707 2372 759 2406 cur
785 2355 867 2407 sodes
891 2370 965 2406 unus

47 2420 85 2475 lu
104 2425 249 2493 irsgorem
269 2424 402 2475 audiebat
450 2424 538 2473 ceteri
563 2431 672 2473 montes
691 2423 875 2487 Hellesponto
899 2439 969 2489 pro—¹

47 2507 102 2545 stes
118 2493 199 2545 surdi
215 2493 316 2545 erent?
342 2464 418 2561 Quid
436 2491 460 2542 si
477 2490 518 2542 sic
536 2491 739 2557 corrigendum
756 2489 813 2543 siti

358 2561 508 2627 stupuitque
517 2559 660 2625 fragorem

74 2628 187 2695 Aemus,
208 2640 233 2679 et
250 2627 368 2682 occiduis
387 2641 514 2693 regnator
532 2626 665 2676 montibus
685 2624 771 2676 Atlas.

59 2696 197 2762 Haemus,
222 2695 332 2764 inquit,
360 2695 545 2764 Hellesponto
564 2694 691 2763 primum
708 2686 881 2768 irrumpenti
900 2704 967 2759 prp-

47 2778 144 2832 squus,
163 2773 192 2815 et
211 2763 328 2815 ultimus
347 2765 434 2816 etiem
451 2763 528 2815 Atlas
547 2762 663 2834 stupuit.
703 2760 770 2828 Vel,
790 2774 849 2833 siqu
867 2767 965 2811 monte

47 2832 151 2883 loedere
168 2831 249 2898 velis,
266 2832 307 2883 sic
324 2831 412 2902 legas,
618 2875 621 2887 .
665 2886 668 2891 ,
818 2836 821 2843 ’

72 2903 221 2968 stupuitque
231 2899 375 2966 ,fragorem
393 2900 488 2967 Indus,
510 2912 536 2950 et
553 2890 672 2951 occiduis
691 2904 746 2950 etc.
967 2958 970 2967 Ι

47 2975 99 3019 stus
117 2967 252 3020 videlicet
268 2968 365 3038 irsgor
385 2976 459 3033 eret,
488 2977 520 3019 ut
544 2968 580 3021 eb
599 2975 664 3020 ortu
682 2964 748 3017 solis
766 2964 803 3019 ed
822 2982 962 3038 occasum,

59 3037 193 3088 omnibus
211 3036 296 3088 terris
315 3036 471 3089 audiretur.
639 3078 647 3089 ,

47 3102 65 3154 i.
93 3103 167 3172 Quid
190 3106 310 3156 studiosa
333 3105 437 3173 cohors]
472 3102 622 3156 Editiones
646 3102 793 3173 prinsipes
815 3103 856 3158 sic
880 3104 963 3157 dede·

47 3178 84 3233 nt,

101 3240 149 3291 uid
165 3242 286 3292 studioso
304 3238 398 3291 cohors
415 3257 524 3307 operum
546 3238 650 3291 struit?
675 3239 746 3291 haec
771 3258 872 3309 quoque
890 3250 970 3291 curn

103 3310 145 3358 uis
163 3308 216 3360 sibi
234 3327 275 3360 res
291 3323 382 3377 gestos
399 3310 511 3376 Augusti
527 3308 642 3359 scribere
659 3307 764 3359 sumit?
781 3318 835 3361 etc.

47 3373 87 3426 ide
104 3392 156 3455 per
172 3394 271 3429 omnes
287 3385 433 3445 sequentes
450 3394 483 3428 eo
501 3376 587 3428 lectio
605 3387 760 3447 propagato
780 3384 828 3429 est.
864 3375 961 3446 Atqui,

47 3444 83 3497 ed
101 3463 131 3497 m
151 3447 209 3499 suit
227 3445 402 3498 Pulmennus
420 3453 447 3497 et
472 3446 660 3497 Bersmsnnus
680 3444 781 3510 (ceteri
800 3446 879 3497 enim
901 3445 964 3495 oni·

47 3523 88 3566 nm
102 3530 162 3569 non
177 3512 373 3584 adverterunt)
391 3530 445 3586 ego
462 3514 551 3577 etism
567 3514 599 3567 in
615 3513 686 3569 meis
702 3514 835 3587 omnihus
850 3512 961 3584 reperi:

47 1674 82 1741 iu
101 1684 130 1726 et
169 1684 252 1743 ostes,
273 1690 339 1726 cum
351 1673 495 1725 Valerium
515 1673 618 1740 ederet,
638 1680 670 1728 in
687 1676 780 1745 ipsum
797 1683 905 1726 textum
922 1692 968 1726 re·
1050 1708 1053 1713 ·
