2250 3990
292 266 496 311 casurucu
527 262 600 313 ms.
633 244 676 311 ll.
899 250 967 321 143

55 360 108 425 ²1²9
125 351 193 425 quia
210 365 310 413 auram
326 358 355 402 et
372 349 463 421 spolia
480 350 598 401 ferrent.
633 343 748 403 Lucret.
766 338 815 421 Ili,
837 338 913 425 uzi.

325 418 484 490 oosteisque
502 416 639 486 superbos
740 440 743 445 ·

76 489 180 557 Unguis
197 490 370 538 ainarunino:
397 546 400 551 ,
768 510 771 515 ·
893 510 897 517 ·

74 570 124 625 est,
143 565 262 627 propter
279 556 476 609 amaracinum
493 554 635 625 superbos.
679 546 762 607 Nihil
786 552 884 637 itaque
906 554 966 623 lec·

55 644 81 679 ιο
98 628 154 679 hac
174 624 330 694 pulchrius,
352 634 489 694 quantum
508 626 544 675 ad
562 623 747 677 seutentiam:
766 626 815 677 sed
833 626 962 697 interim,

55 696 125 747 rlet
142 694 320 746 doctissimus
339 694 489 755 Dacierius
507 688 672 759 adnotavit,
703 692 805 747 eadem
826 696 964 749 termina»
1047 736 1050 743 .

61 766 146 817 toties
164 776 327 815 recurrens.

73 832 190 897 Tinguet
210 830 396 896 pavimentum
414 828 562 897 stiperbum
628 876 630 880 a

103 898 277 966 Pontificum
293 900 394 966 potiore
412 900 511 962 coenis,
662 956 670 971 x
933 916 936 927 ·

55 966 227 1037 ratissimum
245 984 346 1018 sonum
364 967 469 1037 eflicit3
496 959 609 1036 qualem
626 964 751 1019 studiose
768 966 876 1019 evitare
894 960 966 1031 solet

56 1047 111 1089 ter.
133 1040 135 1045 '
154 1036 232 1086 Illud
251 1048 346 1087 tamen
364 1036 480 1087 fortasse
496 1035 567 1087 vitio
584 1034 654 1087 huic
672 1036 783 1087 mederi
822 1046 915 1104 otest3'
940 1036 964 1089 si

55 1124 74 1158 u
91 1104 216 1175 legerint
234 1112 282 1155 aut
299 1104 570 1173 pronunciaverint,
599 1105 747 1171 superbam.
816 1114 877 1155 erte
904 1114 966 1175 post

55 1178 206 1226 sonantem
222 1188 239 1227 r
257 1190 316 1223 non
335 1191 380 1222 um
397 1172 445 1225 sed
464 1172 708 1243 onwproferehant
724 1178 815 1225 aetate
832 1172 962 1244 Augusti,

55 1260 110 1308 om,
139 1244 244 1305 divom,
274 1240 385 1291 Calvom
410 1254 458 1291 etc.
487 1248 518 1292 ut
542 1257 609 1291 cum
632 1258 665 1291 ex
682 1240 882 1296 Monumentis
902 1243 965 1295 eius

55 1310 82 1379 i,
105 1318 168 1363 tum
186 1326 220 1360 ex
236 1310 351 1362 vetustis
370 1306 486 1380 virgilii
504 1314 532 1360 et
548 1309 659 1361 Horatii
678 1308 825 1362 codicibus
842 1316 961 1363 constat}

55 1396 71 1429 o
99 1378 139 1431 ita
160 1394 196 1429 ue
225 1378 364 1445 superbom
392 1378 472 1447 quasi
497 1394 654 1443 supervum:
687 1386 756 1431 usim
786 1380 818 1430 in
843 1376 964 1446 Virgilii
1054 1416 1057 1421 <

55 1462 112 1517 oga
129 1398 166 1498 li.
202 1446 284 1515 Atque
299 1445 413 1512 superba
428 1447 488 1512 pati
496 1446 623 1512 j'astidia,
644 1446 731 1498 codex
748 1447 808 1499 anti
829 1447 964 1500 uissimiu

55 1526 150 1567 manus
166 1532 279 1581 superna
297 1513 397 1587 hahet,
416 1523 487 1565 teste
504 1514 613 1566 Pierio}
640 1523 673 1565 ut
692 1512 792 1567 eodem
809 1464 871 1566 iere
890 1532 963 1571 sono

55 1582 116 1636 lata
131 1585 218 1635 fuisse
237 1582 309 1633 olim
329 1583 449 1639 minime
466 1576 655 1634 dubitandum
672 1578 715 1635 ait
752 1583 875 1653 Quodsi
894 1600 963 1637 con-

55 1660 137 1719 atur,
174 1651 209 1701 de
234 1650 462 1703 Homoeoteleuti
486 1651 572 1718 culpa
597 1654 691 1701 securi
714 1666 771 1703 esse
797 1660 960 1709 possumus&

55 1734 100 1787 tue
117 1720 195 1772 enim
212 1719 320 1771 similia
336 1720 485 1789 refugiunt
501 1716 605 1769 summi
623 1723 736 1787 potitae,
762 1716 814 1771 uhi
831 1724 884 1773 etsi
901 1737 962 1773 nou

55 1788 112 1855 tris,
140 1787 381 1858 pronunciatione
397 1796 494 1839 tamen
515 1786 666 1852 differunt3
698 1793 729 1837 ut
745 1786 846 1839 Noster
863 1789 960 1847 Garmi

55 1868 77 1907 2.
108 1860 168 1907 lam
184 1859 250 1908 satis
269 1856 352 1908 terris
370 1856 451 1907 nivis.
480 1854 582 1922 virgil.
608 1856 729 1904 Aeternis
746 1858 817 1920 regis
833 1856 961 1924 imperiis.

56 1930 107 1977 ster
123 1927 229 1977 iterum
248 1920 343 1976 Caim.
362 1925 413 1991 ΙΙΙ,
431 1942 457 1994 7.
496 1923 562 1974 Non
584 1923 642 1972 sine
662 1922 755 1972 multis
769 1926 904 1974 Istsomnis
921 1924 963 1973 ln-
999 1987 1000 1990 Ἴ

55 1994 98 2043 mis
113 1996 179 2061 agit.
219 1995 317 2063 Neque
340 1989 436 2044 tamen
455 1992 621 2044 damnemus
638 1988 792 2041 lectionem
811 1992 843 2042 in
861 1992 962 2060 pleris-

55 2064 73 2108 -ὸ
87 2064 213 2114 omnihus
231 2062 312 2113 libris
331 2071 489 2129 receptam,
521 2076 592 2109 mero
611 2059 740 2127 superbo:
767 2059 817 2111 etsi
838 2060 962 2113 miretur

55 2123 98 2181 lius
113 2131 247 2198 Scaliger,
268 2147 324 2199 quo
343 2128 461 2182 consilio
480 2128 509 2179 id
528 2128 631 2197 direrit
648 2130 758 2179 Noster,
797 2128 877 2181 Illud
900 2146 962 2183 ma.

55 2197 204 2267 ltlisplicet,
224 2200 307 2269 quod,
327 2216 394 2250 cum
410 2198 522 2265 superbo
541 2216 611 2247 mero
631 2196 757 2260 dixisset,
777 2198 873 2249 statim
890 2197 960 2251 alte·

55 2277 79 2316 tu
93 2269 234 2336 epitheton
252 2265 385 2335 subdidit,
404 2268 523 2318 eandem
539 2283 602 2317 rem
618 2266 663 2318 his
679 2264 835 2335 inculcans,

80 2334 237 2402 Pontificum
256 2336 367 2404 potiore
386 2337 480 2385 coenis.

55 2398 102 2454 iam
117 2405 194 2455 viam
216 2413 306 2455 tentat
325 2403 455 2453 Burthius
479 2401 592 2453 advers.
611 2401 739 2467 XXXVI,
771 2410 810 2469 14.
858 2404 894 2454 In
920 2402 960 2473 τῷ

55 2472 137 2539 petbo,
160 2472 270 2542 iuquit,
290 2473 392 2538 siquid
411 2472 578 2531 mutandum,
599 2471 691 2519 malim
708 2472 859 2537 superbus,
880 2490 960 2540 quarm

55 2554 74 2586 m
92 2539 218 2591 Lambino
248 2542 401 2609 superbum
425 2540 547 2590 scribere.
599 2537 662 2605 Quo
688 2536 775 2587 etiam
803 2533 960 2600 ducit'nos

55 2604 172 2662 holiastes
190 2609 363 2677 Porphyrio:
390 2608 522 2675 Superbo,
540 2605 702 2672 hypatium,
723 2622 775 2673 pro
796 2607 851 2672 ipse
869 2626 961 2673 supcr-

55 2693 75 2725 t:
95 2685 121 2728 et
140 2678 227 2743 etiam
245 2681 355 2743 Acron,
375 2677 423 2745 qui
442 2678 482 2727 sie
499 2675 584 2727 ¹uerba
602 2668 792 2738 παραφράζει,
816 2675 960 2740 Perjundet

55 2746 184 2801 timentum
212 2745 361 2813 negligens
383 2746 465 2797 lieres
490 2746 550 2793 vino
578 2742 685 2790 deornm
710 2743 841 2793 conviviis
867 2744 959 2808 digno.

55 2828 96 2881 pte
112 2815 165 2866 hoc
183 2808 275 2884 pacto,
296 2813 341 2864 cul
364 2832 380 2864 a
394 2816 511 2882 quidem
525 2811 604 2862 onmi
619 2808 783 2858 liberareris
793 2810 959 2865 Horatium:

55 2883 184 2935 ‚audacis
201 2882 321 2951 epitheti
339 2832 440 2950 iiude,
472 2896 543 2952 quae
567 2878 650 2931 toties
674 2876 799 2928 feliciter
816 2879 844 2931 ei
866 2880 957 2946 cessit,

55 2950 103 3004 [em
122 2968 209 3022 opera
226 2950 393 3021 privaveris,

446 3046 521 3116 XV.

57 3196 63 3210 .
85 3160 156 3211 Tum
169 3160 286 3218 violaria
304 3172 329 3210 et
345 3159 455 3228 Myrtus
474 3172 500 3209 et
517 3155 612 3224 omnis]
643 3152 786 3210 Fabricius
804 3172 846 3209 ex<
857 3154 960 3210 Manu·

55 3230 108 3299 ipto
124 3246 177 3282 suo
196 3230 236 3285 sic
255 3228 353 3298 edidit,

355 3309 411 3347 tum
427 3296 552 3359 violaria,

72 3370 250 3440 Myrtusque,
270 3378 295 3417 et
312 3369 397 3416 omnis
415 3367 492 3432 copia
508 3365 631 3414 niarium:
928 3428 935 3441 ι

55 3454 86 3489 ue
113 3448 180 3491 ante
206 3436 291 3488 illum
321 3436 478 3487 Glareanus
505 3451 538 3485 ex
566 3433 730 3486 coniectura
753 3433 794 3485 sic
822 3434 959 3502 reposuit.

55 3508 114 3561 steri
135 3524 233 3561 omnes
251 3505 319 3559 libri
339 3504 510 3573 reclamant,
535 3519 702 3574 summoque
725 3509 864 3556 consensu
882 3497 961 3553 exhi·
995 3524 1002 3533 -

55 3584 79 3643 ¹1,

333 3636 336 3641 ’
377 3639 502 3705 violaria,
520 3650 546 3693 et
