2250 3990
240 118 444 217 ¹irritatorum
475 152 549 220 nil.
575 152 626 227 ii,
651 167 692 233 ¹7.
879 152 947 227 603Ι

51 252 159 308 tiliam
174 250 306 324 evitaret,
325 272 383 307 non
402 256 489 322 Divo,
508 263 541 305 ut
557 254 642 325 vulgo
652 256 807 321 salcime
824 258 946 312 Horatio

67 326 157 376 verba
173 325 291 389 tribuit,
325 323 429 375 deindo
453 332 549 374 autem
567 324 642 377 Dori
661 328 747 379 verbe
765 326 869 381 leviter
888 329 945 381 iru-

51 402 74 445 n
90 402 121 445 et
140 393 270 461 corrigit,
293 392 372 445 hunc
390 393 422 444 in
438 392 572 445 modum:
723 396 726 401 ’
1007 456 1010 461 ¹

51 462 84 513 H.
104 462 267 511 Iamdudum
283 462 414 523 ausculto.
440 462 482 519 D.¹
495 464 531 513 Ae
549 461 657 529 cupiens
671 461 723 513 tibi
739 463 828 515 dicere
840 481 946 518 seruus.

51 530 144 580 Pnuca
162 529 316 597 reformido.
352 531 387 581 H.
405 529 557 581 Davusne?
586 530 628 581 D.
647 532 692 581 Ito
708 532 812 583 Dauus.

53 597 273 667 quamvieiiieo
288 597 410 652 meliora
428 608 496 650 suut
513 598 645 664 fortassis,
666 615 752 669 quom
770 616 843 669 quoe
859 600 948 669 vulgo

51 676 159 731 junturs
188 676 315 735 -psoount
331 676 427 719 tamon
447 676 476 718 ot
495 666 571 736 ipsa,
590 674 683 737 neque
700 669 777 719 inter
793 685 824 718 so
844 670 949 721 coisses

51 770 58 785 .
95 734 154 804 Qui
177 736 255 789 euim
280 738 440 787 Iamdudum
460 737 637 798 auscultavit,
664 737 725 787 sino
738 734 838 788 .d'ubio
855 738 947 789 interss

51 802 116 855 indi
134 806 178 854 sui
199 812 364 873 potestatem
384 806 443 856 ism
461 814 545 855 antee
568 804 691 858 fecerat:
722 812 752 855 ot
767 804 831 857 :liic¹
846 806 949 875 quinto

51 888 102 923 um
121 879 183 939 poet
198 886 283 924 versu
300 874 432 925 narrandi
449 872 497 924 dot
514 872 638 933 venium.
674 871 839 925 Mitto-ulta
854 876 950 927 breri-
1023 906 1026 911 ,

75 938 186 1006 studio,
212 956 289 1058 zm
311 942 416 993 merito
435 942 495 991 iiic¹
507 940 683 1011 reprehendi
700 950 823 1011 possent.
875 944 950 995 Rem

51 1026 79 1059 m
99 1007 194 1077 potios
243 1026 321 1073 cam,
356 1026 411 1078 qua
429 1008 517 1061 semel
536 1006 863 1077 consociatas-seelera!
887 1020 950 1063 oma'

51 1092 71 1127 n
90 1076 256 1144 opiniones,
289 1076 368 1145 qitesi
391 1079 502 1130 maiore
520 1076 587 1130 luce
603 1080 750 1143 obrutae,·
769 1079 866 1131 stetim
885 1095 951 1132 erne

51 1153 114 1195 unt.
148 1145 309 1196 iamdudum
329 1148 459 1210 ausculto,
478 1149 519 1199 eit
536 1147 647 1215 Durus,
665 1146 715 1198 tibi
731 1164 825 1214 nempe
846 1148 952 1199 Sermo·

68 1214 229 1279 superiorem
246 1226 332 1265 tetum
356 1216 498 1265 recitanti:
528 1216 553 1264 si
574 1232 641 1283 pace
665 1228 712 1265 tuo
736 1216 831 1279 licent,
861 1232 950 1283 pauca

51 1298 75 1331 to
92 1290 159 1349 quae
172 1295 270 1333 eontra
284 1300 423 1350 reponam.
472 1282 508 1333 Id
531 1284 618 1333 modo.
634 1282 729 1333 dixisti
742 1284 800 1333 tibi
825 1284 855 1333 in
878 1286 951 1335 uotis

51 1386 55 1411 ,
74 1363 103 1399 ut
121 1367 181 1400 rure
197 1352 291 1418 procul
310 1370 327 1400 o
345 1352 430 1401 turbis
447 1364 473 1401 et
489 1350 608 1415 negotiis
621 1352 712 1416 degas,
731 1351 832 1419 iibique
849 1352 953 1403 etMu'b

51 1435 162 1481 uacans,
192 1420 279 1485 quieto
304 1416 363 1469 illic
383 1421 436 1469 otio
455 1430 481 1468 et
499 1419 610 1469 modicis
629 1418 721 1485 opibus
737 1422 856 1471 suaviter
868 1420 953 1487 sruc-

74 1486 159 1535 Recte
176 1484 299 1554 quidem,-
316 1488 341 1536 si
359 1487 436 1537 modo
453 1486 559 1536 naviter
577 1487 750 1553 pertendere,
769 1499 794 1536 et
812 1488 842 1537 in
860 1489 953 1540 endem

51 1568 225 1604 *constanter
244 1572 275 1604 ac
294 1568 420 1623 perpetuo
440 1570 548 1603 manere
566 1556 658 1619 possis.
697 1554 739 1605 Tu
755 1571 834 1617 uero,
867 1558 954 1609 bucer-

53 1622 140 1673 onimi
156 1635 180 1672 et
197 1624 343 1691 propositi,
370 1623 483 1672 alternis
499 1622 578 1689 quasi
588 1622 723 1687 fluctibus
739 1620 793 1673 buo
808 1624 881 1673 illuc·
895 1628 956 1691 egi·
997 1672 999 1677 .

51 1708 70 1741 s.
106 1693 168 1739 Iam
179 1705 245 1740 'aum
259 1692 292 1739 in
312 1690 382 1740 Urbe
402 1706 445 1752 es,
469 1690 510 1739 sic
526 1690 643 1759 quotidie
660 1704 715 1740 tute
733 1694 833 1755 terrim,
856 1690 953 1757 Orus,
1003 1689 1009 1704 ²

51 1760 99 1809 udo
119 1776 168 1824 ego
186 1772 212 1809 te
230 1757 382 1826 aspiciam?
413 1758 518 1825 quando
544 1758 635 1808 licebit
657 1776 728 1809 nunc
751 1757 829 1824 libris
852 1760 955 1810 incum-

51 1844 64 1893 ε,
93 1844 166 1876 nuno
189 1844 282 1878 somno
306 1838 333 1875 et
354 1826 420 1877 ludo
438 1826 553 1887 iucunde
576 1839 679 1892 tempus
695 1826 823 1894 fallere?
849 1828 956 1895 quondo

51 1896 114 1945 ibus
131 1908 157 1944 et
175 1896 251 1945 lardo
268 1894 415 1963 sobriisque
432 1894 551 1962 poculis,
574 1897 683 1962 antiquo
702 1912 790 1959 more,
818 1912 897 1945 cenos
914 1897 958 1947 ins

51 1963 120 2015 ure?
157 1962 210 2013 His
226 1964 344 2032 quotidie
360 1966 430 2013 uotis
446 1962 566 2013 Deorum
583 1980 661 2013 aures
677 1964 820 2014 obtundis:
832 1974 929 2015 'tamen

64 2032 159 2101 Siquis
176 2030 213 2083 ud
231 2031 281 2082 ille
301 2032 377 2083 Deus
393 2031 494 2083 subito·
505 2040 536 2083 te
551 2040 625 2102 agot,
644 2048 733 2101 usque
753 2048 880 2087 recines:

51 2118 102 2151 nae
119 2101 191 2150 enim
210 2118 255 2149 rus
272 2112 366 2167 optas,·
393 2113 421 2150 at
439 2100 573 2151 absentem
589 2104 704 2151 rusticus
720 2101 811 2151 urbem
830 2101 904 2152 tollis
922 2100 959 2153 od

51 2187 74 2219 'a
91 2170 174 2219 leuis:
204 2168 234 2219 Si
250 2186 383 2237 nusquam
400 2170 435 2218 ad
454 2186 548 2220 cenam
566 2183 678 2220 vocotus
704 2186 747 2233 es,
779 2182 835 2221 tum
860 2170 959 2221 laudas

51 2255 122 2288 urum
139 2238 210 2286 domi
228 2236 304 2287 altis:
321 2248 350 2286 nt
368 2239 392 2287 si
409 2238 557 2288 Maecenas
575 2250 602 2287 te
617 2240 753 2288 vocaverit
759 2250 853 2303 ptum,
870 2252 959 2306 spreto

51 2308 158 2369 ticenio,
179 2318 236 2355 tota
252 2306 346 2355 domin
363 2305 534 2355 abiturientis
556 2306 672 2357 clamore
692 2306 846 2372 completur.
881 2308 959 2361 Haec

51 2374 155 2425 similia
172 2374 283 2439 Durus3
302 2374 455 2441 exquibus
474 2373 533 2424 ium
550 2372 636 2437 clare,
657 2374 771 2442 opinor,
787 2374 878 2438 rides,
898 2375 962 2426 Ser·

51 2458 114 2493 trem
135 2443 216 2511 huno
235 2442 271 2493 od
294 2441 472 2509 superiorem
495 2440 599 2493 referri
621 2440 741 2502 deber05
772 2449 822 2493 sut
845 2442 963 2493 fortasse

51 2526 62 2561 ι
77 2526 144 2561 cum
160 2526 195 2561 eo
212 2510 354 2561 connecti.
401 2504 553 2579 Quicquid'
571 2508 651 2560 enim
675 2510 718 2560 ibi
741 2509 777 2559 de
800 2508 965 2561 sedixerat

51 2579 151 2644 retius,
172 2577 247 2630 illud
265 2594 350 2630 omne
368 2576 418 2629 liic
438 2579 534 2630 Davus
549 2574 676 2629 refellit:
704 2576 775 2629 adeo
792 2585 825 2628 ut
844 2586 965 2646 uterque

51 2660 102 2702 τωο
120 2646 235 2716 Dialogi
274 2646 338 2698 lune
356 2646 481 2715 speciem
498 2644 638 2696 exhibent.
674 2646 766 2763 Argue
789 2644 875 2714 inde,
904 2644 965 2714 opi-

51 2730 74 2782 r,
104 2726 161 2782 est,
191 2664 273 2785 quob²
291 2715 322 2766 in
345 2714 461 2785 optimis
478 2713 639 2773 Blandinjie
657 2722 686 2763 ot
728 2712 871 2765 ualidieno
889 2714 966 2784 opud

51 2787 181 2853 uquium,
201 2784 246 2835 uti
265 2792 293 2835 et
312 2786 343 2835 in
364 2785 468 2835 nostrie
486 2781 614 2834 Petronii
631 2790 660 2833 et
680 2780 789 2849 Regiae
807 2782 965 2849 societatis,

51 2867 77 2902 sc
94 2870 110 2907 a
128 2852 323 2923 superioribus
345 2852 468 2904 indiviso
491 2852 563 2918 sint,
594 2858 623 2902 et
647 2866 735 2901 unum
752 2850 875 2903 satiram
899 2866 968 2903 con-

51 2930 133 2973 iuent.
169 2922 254 2973 Parvi
271 2930 368 2972 tamen
386 2920 519 2987 interest,
544 2935 672 2971 unumne
690 2936 727 2969 on
744 2918 826 2971 binus
845 2936 905 2970 esse
922 2936 970 2975 ve·

54 3004 61 3037 e
86 2990 172 3041 modo
190 2989 264 3040 illud
284 2989 462 3058 exploratum
479 2988 532 3055 sit,
553 2987 751 3039 indonatum
770 2988 918 3057 incipere,
936 2987 971 3039 iri

51 3060 216 3110 odominuo
234 3060 322 3109 finoni
341 3060 464 3120 iocerat;
493 3066 577 3125 atque
595 3055 665 3107 odeo
682 3056 827 3124 vulgatum
846 3056 895 3107 hic
913 3054 971 3107 lec·

51 3141 134 3194 nem,
167 3128 307 3179 sententio
330 3127 389 3178 ium
417 3133 577 3195 comporta,
613 3140 714 3177 sunam
737 3133 766 3175 et
790 3124 973 3194 perspicuam

51 3207 78 3244 se.
114 3194 259 3247 Ceterum
276 3212 344 3245 cavo
368 3194 423 3244 tibi
447 3212 464 3245 o
490 3194 632 3245 Gronovii
656 3191 745 3261 putris
769 3192 970 3263 explicatione,

52 3261 63 3308 i
80 3264 196 3316 observ.
216 3265 255 3316 IV
261 3304 268 3330 ,
289 3278 331 3327 24.
350 3261 448 3313 multis
466 3262 561 3315 verbis
580 3262 696 3313 efficere
713 3271 849 3326 conatur,
870 3269 904 3311 ut
920 3260 974 3315 itta

51 3343 71 3375 u
89 3344 137 3395 est,
155 3346 184 3382 ut
203 3334 288 3383 vitale
304 3344 388 3398 putes,
408 3328 575 3397 uouDoro,
594 3329 642 3381 sed
660 3328 779 3383 Horatio
796 3330 972 3382 tribuantur.

51 3402 85 3445 ‘n’
95 3400 202 3469 frugi?
219 3400 338 3452 subiicit
354 3397 487 3453 Flaccus:
512 3401 552 3450 ita
570 3416 632 3450 uero
643 3396 741 3465 frugi,
769 3410 798 3448 ut
815 3398 862 3447 ubi
878 3398 973 3462 possis,

51 3466 96 3520 “le
111 3484 205 3538 putes;
230 3469 287 3522 hoc
305 3477 359 3535 est,
378 3469 477 3519 vitalia
494 3467 563 3519 milti
578 3478 714 3533 amputes,
730 3468 890 3531 sanguinem
908 3463 977 3515 mihi

51 3547 144 3609 qcgere,
163 3539 320 3591 arroderet
339 3538 436 3590 eredas
455 3538 561 3589 viscera
578 3536 618 3588 rei
635 3552 710 3587 meae
722 3534 889 3605 familiaris.
918 3533 984 3585 tio-
1033 3556 1039 3563 ·
