2228 3900
383 45 389 69 7
476 60 479 71 .

251 144 847 311 Q.HQRAT11'FLACCI
912 128 921 302 Ἀ

62 340 226 434 cn
314 334 509 468 nos
595 335 621 423 1
707 332 1034 464 uum

395 484 610 548 LIBER
676 486 703 554 I.
975 480 979 489 ’

472 609 623 627 ..n-

315 696 343 768 Ι.
405 704 458 761 ,to
491 713 770 763 MAECENATEM.
845 682 849 697 ¹

60 793 108 919 P
108 864 302 933 uoouuttt,
328 871 363 915 ut
389 879 435 916 res
460 862 521 932 ipsa
546 860 671 931 indicat3
708 863 767 916 sive
789 862 908 935 Prologi
930 864 1030 921 locum
1055 856 1061 871 ’

74 934 77 939 ’
110 952 230 989 carmen
243 934 301 986 boc
316 932 438 996 obtinet,
451 931 608 1001 ceterisque
624 931 710 984 huius
722 933 805 985 Libri
825 934 961 989 absolutis
977 953 1031 989 no·

12 1048 18 1061 .
58 1004 214 1059 vissimum
237 1000 364 1061 necessit,
409 1000 465 1053 Sed
490 1016 589 1052 vereor
607 1000 756 1069 equidem,
784 1001 808 1055 si
826 1011 905 1055 certet
921 1004 969 1057 bie
986 1012 1030 1056 est

58 1072 264 1125 Librariorum
285 1068 374 1139 fides,
401 1086 439 1121 ue
464 1084 521 1120 non
541 1084 575 1137 ex
591 1068 711 1120 Pindari
727 1069 771 1121 sui
789 1079 942 1142 praecepto
959 1068 1030 1138 nosi-

13 1157 156 1193 =.osostor
173 1133 324 1206 τηλαυγὲς,
343 1154 405 1190 non
422 1154 585 1205 purpureum
601 1139 646 1205 qui
666 1137 718 1190 late
735 1139 890 1205 splendeat,
917 1139 966 1192 soti
986 1140 1030 1192 vi·

62 1211 120 1263 lem
136 1207 237 1261 sordid
310 1223 347 1258 ue
364 1203 555 1289 panniculum
572 1205 673 1256 Noster
698 1207 824 1262 assuerit.
877 1207 908 1260 Si
929 1207 1028 1261 uidem

65 1295 160 1329 omnes
176 1276 237 1329 inm
254 1293 272 1327 e
311 1272 393 1343 iteris
418 1274 523 1325 renatis
542 1273 578 1324 de
601 1274 739 1343 impedite
760 1275 809 1327 hic
832 1286 863 1330 et
885 1294 898 1329 s
928 1277 1028 1330 ebrosn

63 1346 191 1399 oratione
209 1344 304 1425 questi
323 1351 404 1396 sunt:
430 1341 574 1393 videamus
592 1340 689 1393 locum
709 1343 869 1415 integrum,
888 1360 975 1417 quern
991 1343 1028 1398 li·

61 1414 107 1467 hri
124 1414 225 1484 scripti
244 1412 376 1481 editique
393 1427 490 1463 omnes
507 1410 548 1461 sic
568 1410 722 1464 exhibent:

130 1484 196 1534 Sunt
213 1499 281 1550 quos
299 1479 433 1535 curriculo¹
450 1479 587 1547 pulverem
607 1476 785 1547 Olympicum⁸

130 1551 279 1616 collegisse
293 1551 390 1607 iuven
411 1560 531 1615 metaque
543 1547 664 1613 fervidis

131 1620 241 1669 Euitotn
260 1621 347 1681 rotis,
367 1616 508 1684 palmaque
528 1615 628 1665 nobilis

131 1676 274 1736 Ter‘rnrum
299 1686 424 1735 dominos
448 1682 542 1736 evehit
569 1683 605 1732 od
626 1682 709 1734 Deos.

135 1754 228 1821 Hunc,
244 1755 266 1803 si
282 1752 427 1803 mobilium
443 1746 522 1803 suita
542 1750 692 1868 guiritium

135 1822 227 1872 Cenat
248 1822 407 1889 tergeminis
428 1820 522 1870 tollere
567 1818 710 1880 oneribus,-

132 1889 233 1956 Iiium,
251 1892 274 1939 si
288 1891 400 1958 proprio
421 1889 538 1939 condidit
557 1886 654 1938 horreo

102 2012 105 2016 ,
139 1956 209 2023 Quis
226 1958 320 2008 uiride
337 1957 449 2024 Libycis
465 1958 584 2007 verritur
604 1956 691 2007 areis:
762 1967 765 1981 '

139 1975 297 2076 octiduum
314 2027 419 2093 patrios
429 2025 539 2090 findere
556 2025 663 2075 sarculo

136 2096 228 2159 Agros,
247 2096 372 2144 Attalicis
390 2093 587 2143 conditionibus

131 2161 289 2229 Numquam
307 2162 459 2229 dimoveas,
481 2175 511 2224 nt
529 2161 604 2211 trabe
624 2159 725 2228 Cypria

132 2230 271 2297 Myrtoum
288 2231 404 2297 pavidus
422 2244 505 2280 nauta
521 2243 591 2279 secet
608 2247 690 2279 more.

14 2326 17 2335 ·
62 2299 127 2350 Iam
143 2301 305 2366 quaeritur,
327 2314 413 2350 nuuc
432 2308 460 2349 et
477 2313 582 2349 intuso
600 2296 676 2347 unde
693 2295 844 2366 pendeant,
864 2301 893 2350 et
909 2295 1027 2350 cuinam

64 2367 152 2417 verbo
171 2375 386 2417 connectantur.
433 2369 488 2418 Aut
507 2366 586 2416 enim
606 2365 676 2416 haec
696 2374 838 2417 structura
857 2375 911 2432 est,
943 2369 1026 2416 Iuvat

63 2434 144 2497 bunc,
162 2435 255 2495 iilnm;
273 2444 322 2486 out
340 2435 392 2485 iste
410 2443 459 2500 est,
479 2434 578 2484 Evebit
594 2433 673 2497 bunc,
691 2434 785 2483 illum:
803 2441 852 2486 ortt
868 2433 921 2486 illa
944 2433 1026 2485 deni·

10 2542 12 2547 ,
61 2520 131 2572 que,
160 2504 309 2553 Dimoveas
331 2502 401 2552 bunc
424 2504 519 2552 illum:
547 2500 623 2554 nihil
642 2511 682 2553 est
702 2511 851 2570 quartum:
882 2511 1027 2559 ettamen

11 2584 16 2645 ᾗ
60 2571 141 2622 uuile
159 2588 194 2621 ex
214 2572 259 2621 his
277 2570 367 2621 tribus
384 2572 557 2622 constructio
576 2579 653 2622 recte
669 2571 809 2638 procedit.
845 2570 912 2624 Esto
929 2570 1023 2633 enim3

62 2649 207 2709 postrema
227 2641 303 2690 forte
321 2656 389 2708 prae
407 2640 472 2690 aliis
490 2640 544 2691 tibi
561 2640 703 2690 arriserit:
729 2639 897 2707 Numquam,
918 2639 1021 2708 inquis,

28 2752 33 2779 ,
63 2710 199 2759 dimoveas
222 2723 310 2759 stunc
330 2707 511 2776 amplissimis
528 2708 684 2760 honoribus
700 2715 831 2772 auctum,
860 2723 964 2761 unum
982 2717 1024 2757 te-

27 2794 33 2845 j
63 2777 115 2829 tius
133 2777 251 2829 Africae
271 2775 388 2844 praedia
405 2776 603 2845 possidentem,
624 2783 656 2825 ut
673 2784 782 2826 mutato
800 2777 874 2826 vitae
894 2774 1024 2826 instituto

63 2846 229 2896 Merentem
247 2861 305 2896 esse
325 2842 423 2897 velint.
451 2845 514 2896 Ain’
532 2845 620 2896 vero?
640 2843 770 2894 Proiecto
786 2843 863 2894 haud
879 2843 966 2894 stulte
984 2861 1025 2893 sn-

64 2914 153 2982 piunt,
174 2914 199 2965 si
220 2912 325 2964 nolunt
340 2930 370 2964 se
388 2921 428 2964 tot
445 2923 473 2964 et
490 2914 575 2975 tentis
592 2911 728 2982 periculis
745 2915 807 2963 sine
825 2928 923 2962 caussa
942 2927 974 2962 ex
998 2928 1026 2959 n·

32 2998 37 3041 t
64 3000 144 3048 oere3
165 2999 262 3051 neque
279 2981 369 3032 dubio
386 2982 460 3033 mari
471 2999 537 3051 opes
555 2980 710 3050 quaerere,'
720 2997 788 3049 quas
800 2979 879 3030 domi
890 2980 947 3030 iam
960 2930 1026 3031 oha-

33 3048 39 3107 ³.
64 3052 110 3103 tim
120 3052 238 3103 hebent.
253 3049 340 3119 Quid,
349 3066 460 3118 quaeso,
472 3051 520 3101 hic
531 3058 590 3101 tam
598 3048 705 3101 mirum
715 3049 727 3099 l
740 3047 930 3099 Metuendum
940 3046 1026 3096 credo

67 3132 125 3188 emt,
138 3138 175 3171 ne
185 3120 325 3187 Pompeio
356 3117 399 3169 uis
411 3117 456 3170 vel
466 3115 584 3170 Caesari
591 3116 636 3169 vel
644 3116 740 3169 Crasso
751 3117 930 3185 persuaserit,
942 3123 973 3164 ut
984 3132 1027 3164 re·-

68 3187 132 3242 lictis
151 3190 237 3240 rebus
257 3136 392 3239 omnibus
409 3197 600 3240 mercaturam
613 3195 784 3236 exercerent,
808 3183 885 3234 Illud
900 3182 1026 3252 quidem,

70 3259 131 3326 quod
146 3276 214 3312 mor
228 3257 369 3327 sequitur,
389 3255 500 3326 accipio
519 3257 682 3325 proboque3
701 3253 751 3303 ubi
763 3254 903 3302 Rusticum
916 3250 1030 3321 paterni

73 3331 122 3395 egri¹
136 3328 283 3380 cultorem
302 3323 349 3377 vel
369 3322 604 3376 luculentissimis
617 3321 832 3374 conditionibus
849 3327 935 3388 neget
946 3312 1031 3394 sithie-

76 3401 112 3448 nn·
124 3415 213 3469 posse,
235 3406 269 3446 nt
280 3394 407 3471 pristino
426 3393 499 3445 vitae
516 3408 621 3460 genere
640 3390 742 3441 relicto
754 3390 898 3440 Mercator
912 3402 970 3437 esse
987 3401 1030 3434 rn-

79 3468 159 3537 upiot3
181 3467 294 3543 quippe
313 3478 464 3535 qurpnrvo
482 3470 637 3528 contentus,
657 3458 815 3530 proculque
834 3452 987 3529 ansgotiis
1004 3456 1033 3502 et

858 3534 879 3613 1
