2228 3900
423 132 487 173 Atta
514 128 678 176 ΡΟΠῘΟΔο

420 228 455 265 ne
470 213 509 264 sis
524 228 623 266 secura
639 210 741 267 futuri.

71 286 120 355 IX,
140 297 200 353 423.

227 350 352 403 Venerem
368 364 470 419 quoque
488 364 557 404 cure
573 348 666 405 futuri

32 436 35 441 ·
145 422 252 488 Tangit.

71 497 101 543 et
119 490 195 555 Xlll,
216 489 275 556 3⁶5·

145 558 186 608 Tu
204 560 274 607 uires
289 558 347 607 sine
366 566 452 605 mente
467 554 557 621 geris,·
574 553 642 608 milii
658 573 727 613 cura
743 559 836 615 iuturi
853 572 901 614 est.

70 628 174 683 Noster
191 624 279 677 Serm.
298 626 321 691 l,
344 640 367 675 1.
386 642 412 673 v.
430 637 473 691 35.

240 692 313 742 haud
328 692 427 759 ignum
446 708 478 741 uc
493 706 554 745 non
569 690 685 747 incaute
702 694 801 747 futuri.

70 760 180 815 Omnis
196 758 284 827 hoec,
310 769 342 811 ut
361 758 452 825 vides,
482 758 519 812 ed
541 774 641 813 curem
664 770 693 815 et
709 773 819 816 metum
837 763 929 816 futuri
945 780 1024 837 spee-

68 838 143 882 tant.
187 828 304 879 Pauidus
326 844 358 879 er
376 844 394 881 o
431 830 516 893 uturi,
544 828 576 879 id
600 828 694 899 ipsum
716 834 793 903 quod
810 832 972 887 Aristoteles
988 828 1025 885 'de

68 896 192 951 Senibus
208 896 304 963 tradit,
322 842 407 949 serint
424 894 473 947 eet
488 888 581 949 πάντα
597 913 653 963 προ
677 898 815 969 educeret,
834 903 983 953 meticulosi
999 912 1025 951 et

69 968 103 1018 ele
129 964 248 1017 omnibus
256 964 363 1033 suturis
382 977 516 1031 pauentes.
562 968 683 1019 Attene
707 977 817 1033 eutem,
847 978 879 1019 ut
903 970 1024 1041 pulchre

68 1036 132 1087 iem
157 1032 253 1086 omnin
275 1032 329 1084 sibi
354 1033 525 1085 convenient
547 1042 577 1085 et
600 1036 701 1088 eodem
724 1036 884 1089 eollimeuts
914 1040 1024 1103 dilator,

42 1104 159 1173 ,lentus
173 1118 231 1170 spe,
251 1103 336 1163 iners,
347 1098 440 1167 jutrsri
454 1102 585 1165 pauidus:
602 1120 706 1173 nempe
722 1102 771 1155 trie
788 1102 889 1174 habet,
909 1116 1025 1158 cuncta·

19 1214 22 1227 .
66 1172 188 1236 tionem,
209 1168 368 1237 segnitiem,
387 1168 585 1232 timiditatem,
604 1170 844 1241 desperationem,
864 1176 1027 1244 propinque

19 1254 21 1285 ²
68 1245 100 1293 οἱ
117 1246 236 1307 cognata
253 1238 331 1287 vitio.
365 1238 402 1287 At
418 1235 469 1287 illa
493 1252 577 1306 quam
599 1236 783 1293 incommode
800 1242 1023 1312 coniunguntur,

19 1332 22 1372 ;
69 1312 145 1361 iners
168 1317 196 1357 et
213 1302 329 1354 avidus?
356 1302 379 1353 ei
401 1304 497 1354 uideni
519 1302 618 1354 inertis
642 1315 697 1373 est,
724 1308 801 1360 nihil
824 1324 937 1380 cupere.
973 1312 1026 1364 Po·

19 1392 22 1407 ·
67 1388 174 1431 etrema
192 1374 269 1438 ins,
297 1369 327 1421 ni
347 1322 445 1437 iaiios,
477 1371 566 1447 dictio
584 1388 600 1419 e
618 1382 719 1427 natura
736 1384 766 1427 et
782 1394 866 1429 sensu
883 1380 1025 1447 abhorret,

19 1468 21 1473 ·
69 1445 173 1499 Auidus
203 1454 339 1491 murorum
357 1437 473 1487 fortasse
490 1436 549 1487 dior
570 1448 676 1507 potest,
706 1444 753 1511 qui
772 1460 871 1497 rorum
887 1464 1028 1501 novarum

19 1509 24 1523 ‘
69 1512 194 1585 cupidus
211 1516 265 1575 est,
287 1506 334 1557 cui
353 1503 513 1575 praesentie'
529 1504 681 1572 displicent
700 1520 749 1559 eut
765 1510 796 1559 in
814 1512 1027 1571 fastidierunt:

19 1602 29 1623 ··
70 1590 101 1635 at
118 1580 214 1631 cnidus
223 1576 331 1645 jusus-i,
358 1572 409 1623 ubi
435 1571 572 1637 Temporis
597 1574 702 1641 opinor
725 1576 908 1649 mibertditur,
941 1601 1028 1639 nmo

19 1659 22 1711 ξ
69 1648 225 1705 hominnm
243 1653 291 1695 eut
309 1642 366 1693 init
382 1649 430 1692 eut
447 1638 540 1690 dictus
556 1647 606 1690 est.
642 1644 726 1713 Quod
750 1640 775 1693 si
798 1641 877 1695 idem
902 1664 960 1703 eme
977 1654 1029 1721 su.

19 1716 22 1781 ξ
70 1720 129 1769 turi
148 1732 181 1767 ec
191 1716 348 1781 futurorum
366 1707 563 1767 contenderist
594 1716 624 1759 et
639 1726 704 1761 non
729 1708 830 1761 emetis
855 1712 972 1773 demum
995 1724 1039 1780 id·

70 1786 176 1840 vitium
195 1783 266 1845 erit,
285 1795 383 1831 verum
401 1775 506 1829 indolis
523 1783 572 1826 ent
588 1778 782 1831 conditionis:
805 1794 897 1851 neque
913 1790 1029 1847 senibus

70 1853 172 1922 magis,
191 1852 282 1902 immo
299 1848 393 1899 minus
410 1844 569 1907 conveniet,
589 1860 675 1914 quain
693 1856 764 1899 netu
781 1850 947 1905 minoribus.

35 1958 38 1963 .
81 1934 84 1941 ·
104 1932 166 1987 135.
185 1918 245 1969 Neo
263 1933 359 1987 pueros
376 1930 464 1966 eorem
480 1911 587 1982 populo]
623 1914 666 1964 ltu
683 1912 771 1966 hodie
788 1930 835 1965 nec
852 1920 954 1986 passim
971 1926 1027 1977 cir.

29 2008 32 2013 ·
72 1990 248 2054 enmfertur3
278 1994 307 2037 et
325 1984 462 2035 editiones
487 1993 606 2047 veteres,
637 1979 805 2044 nersmsnpi
824 1986 936 2040 codices
960 2000 1016 2059 trec

27 2076 31 2091 ·
70 2057 219 2128 nostrique
237 2062 349 2125 praeter
367 2053 437 2104 duos
453 2066 486 2102 er
504 2049 705 2102 recentissimis
728 2064 840 2121 omnes,
858 2070 917 2117 me,-
941 2036 1026 2129 «μή

71 2144 171 2185 rerem
188 2141 246 2177 esse
263 2123 417 2174 lectionem
430 2120 509 2173 lucus
524 2120 585 2191 ipse
602 2116 821 2173 demonstrabit:
999 2152 1003 2157 ·

585 2188 718 2254 multoque
735 2184 815 2239 tolltr

138 2264 186 2315 Ex
203 2258 296 2322 oeulis,
315 2276 382 2327 quoe
399 2274 462 2307 mos
477 2268 568 2305 narret
578 2256 714 2322 jocundio
730 2270 872 2323 praetem

140 2332 184 2381 Ne
201 2344 297 2396 pueros
314 2345 403 2377 coram
419 2324 517 2393 populo
534 2324 633 2375 Medea
649 2324 773 2375 trucidet.
838 2348 842 2355 ·

72 2399 185 2463 Tollec,
204 2395 315 2465 inquit,
333 2412 367 2447 ex
384 2392 487 2445 oculis:
506 2408 556 2456 ne,
576 2391 623 2443 ἵνα
638 2389 692 2460 μὴ,
711 2407 809 2444 coram
825 2394 934 2467 populo
946 2400 1028 2453 viret..

73 2470 120 2525 ria
144 2466 197 2518 illa
217 2474 254 2586 et6
268 2463 376 2517 atrocia
397 2471 426 2515 et
448 2460 631 2513 incredibilia
649 2462 841 2515 ostendantur.
876 2464 914 2517 Ut
929 2466 1029 2535 paullo

25 2580 28 2587 .
72 2545 140 2594 mle
158 2554 184 2587 v.
206 2551 217 2587 1
257 2571 263 2583 ·
813 2551 818 2557 ·

142 2552 237 2656 tinini
244 2600 341 2668 ferunt
358 2599 425 2649 anni
442 2598 579 2649 venientes
596 2600 732 2650 commodo
747 2614 845 2663 secum,

143 2672 236 2723 Multo
253 2670 402 2719 recedentes
419 2668 557 2729 solimorum
576 2685 613 2719 ne
625 2669 702 2735 sorte
718 2668 817 2718 seniles

143 2740 310 2790 Mentiuntur
324 2737 416 2787 iuueni
431 2750 530 2803 partes.

75 2809 148 2892 vido
165 2810 255 2863 Serui.
275 2806 306 2875 1,
337 2823 361 2858 1.
378 2822 404 2856 v.
423 2820 466 2873 94.
501 2808 586 2857 Amat
600 2804 676 2857 hene
694 2801 924 2859 coniunctionem
942 2796 1034 2857 llore-

101 2896 140 2931 us.
439 2888 443 2895 “
667 2894 670 2899 ·
821 2910 824 2916 ,
996 2922 999 2927 .

74 2890 170 3016 t¹197.
192 2946 229 2999 Et
246 2954 322 3009 regat
340 2941 440 3009 iratos,
468 2954 494 2992 et
519 2956 589 2993 amet
611 2960 720 3009 peecare
737 2938 866 3007 timentes]
905 2936 952 2991 Sic
970 2934 1034 3005 qui·

19 3042 21 3052 ·
75 3017 142 3069 dem
160 3012 298 3065 editiones
314 3026 420 3077 omnes,
444 3010 504 3077 sed,
522 3020 571 3062 aiut
587 3011 672 3063 volde
688 3011 832 3080 fallimur,
850 3013 899 3062 aul
915 3004 1033 3077 gemine

76 3085 182 3141 mendo
198 3081 309 3132 laboret
326 3079 406 3130 locus
422 3076 472 3129 hic
489 3079 525 3130 de
543 3080 652 3133 Chore:
892 3098 895 3103 ·

144 3152 200 3202 Ille
217 3150 293 3201 bonis
303 3147 450 3215 foveatque
468 3160 493 3197 et
511 3150 666 3199 consilietur
683 3151 775 3215 amice,

145 3222 183 3272 Et
200 3230 275 3284 regat
292 3218 385 3280 iratos,
403 3227 429 3266 et
447 3228 517 3266 amet
534 3233 652 3286 peccare
668 3220 818 3273 timentes:

146 3289 201 3339 Ille
218 3288 299 3351 dapes
316 3285 408 3336 loisdet
424 3302 531 3335 mettsoe
548 3284 643 3347 breuis,
660 3288 708 3339 ille
725 3289 860 3339 salubrem

147 3356 286 3407 Iustitiam
303 3354 434 3421 legesque,
454 3365 480 3405 et
498 3355 597 3422 apertis
617 3356 673 3407 otia
688 3359 782 3424 portis.

79 3424 139 3503 Qui
165 3424 288 3476 Graecos
306 3423 442 3490 Tragicos
466 3430 495 3473 et
518 3422 655 3476 Senecam
676 3433 877 3492 versaverunt,
904 3414 979 3475 nihil
1003 3412 1060 3467 iti·

78 3498 124 3551 hut
142 3491 310 3560 haerebunt,
330 3497 468 3562 quantum
488 3490 523 3545 od
543 3508 603 3547 rem
621 3494 738 3548 attinet:
764 3504 807 3549 est
825 3511 895 3550 vero
913 3485 990 3563 quod
1004 3482 1046 3558 in,
