2250 3990
74 160 119 229 86
357 182 389 237 o.
430 170 601 221 nonaru'
626 170 758 227 enatet
852 184 855 189 ¹

76 260 190 315 barabas
208 258 359 329 charybdi?
376 261 520 319 Laborare
539 260 645 327 morbo,
657 248 894 327 frigore,·rinipia
913 270 965 310 etc.
984 274 995 329 1

78 330 133 385 sim
150 329 295 387 iuvenies:
325 336 409 397 atque
426 349 475 397 ea,
503 332 622 399 opinor,
641 330 677 381 de
696 344 781 387 cousa
820 328 995 396 roeposition

79 398 237 449 omiserunt
254 397 398 463 Librarii;
427 399 504 468 quod
523 398 675 449 crederent
700 397 778 449 idern
798 344 940 463 linquendi
958 412 993 465 ge

12 508 15 513 .
78 466 128 518 bic
148 465 245 517 locum
262 466 382 520 baberet
415 476 443 518 et
460 466 565 519 deinde
583 466 674 519 exorti
692 473 758 517 sunt
773 470 972 532 comestores,-

78 543 112 585 ut
129 535 272 586 laboranti
289 536 385 589 versui
403 543 612 601 succurrerent,
632 546 685 605 pro
703 534 820 594 laboras,
839 528 989 586 laborabas

78 612 244 673 posuerunt.
289 605 324 658 In
350 622 492 674 quotane
518 604 594 673 fugit
616 620 664 655 eos
681 602 753 653 ratio
777 608 807 652 et
823 594 995 670 dictionisp

78 671 202 741 prietes:
230 672 329 741 Neque
346 675 426 725 enim
442 671 562 737 dixeris,
582 672 705 722 laborare
723 672 819 721 itinere
826 700 837 732 ,‹
854 670 943 735 siloa,
963 688 995 721 ne

80 741 133 804 rio,
152 741 236 804 mari,
254 744 340 808 syrti,·
359 741 406 793 sed
424 743 580 804 initium,
599 741 629 790 in
644 740 716 793 siloa
735 752 783 791 etc.
801 754 899 809 neque
919 738 995 791 labar

78 809 178 879 puella,
196 807 245 866 sed
262 813 292 859 in
308 810 417 877 puella;
437 817 468 861 ut
485 810 587 861 Noster
603 808 700 870 Germ.
718 808 744 877 1,
765 821 807 883 η,
855 812 858 817 ’

150 877 233 928 Dicas
244 877 413 931 laborantes
430 878 460 929 in
479 894 538 930 uno
864 900 867 905 ·
901 891 914 903 '¹

185 944 337 1024 Penelopen,
353 949 516 1016 vitreamque
536 947 641 1005 Circen.

351 1026 508 1102 xxvru.
561 1008 781 1094 leonins.

114 1122 140 1178 3.
168 1116 295 1178 Pulveris
323 1118 415 1183 exigui
440 1134 521 1184 prope
547 1117 612 1168 litus
635 1134 720 1184 parva
746 1114 886 1165 Matinum
912 1112 995 1171 Mune

79 1182 145 1237 Nic.
165 1182 315 1253 Heinsius,
341 1184 373 1239 iu
393 1184 463 1236 libri
482 1186 628 1253 margine,
654 1184 747 1247 Forte,
775 1182 892 1233 Funera.
913 1180 995 1303 -Ἢοῐῦ

80 1253 214 1321 equidem
233 1253 287 1304 boe
304 1252 378 1305 tenti
397 1253 460 1305 viro
480 1254 633 1307 excidisse:
654 1250 835 1309 dissimulare
853 1246 980 1319 tametsi

80 1328 111 1371 et
129 1337 161 1372 su
185 1320 310 1387 primere
327 1320 433 1389 religio
449 1321 524 1385 mihi
541 1330 611 1379 erut.

113 1398 139 1450 8.
188 1388 345 1459 itbonusque
363 1404 478 1441 remotus
495 1392 525 1440 in
542 1390 632 1455 auras]
652 1388 730 1441 Male
751 1387 829 1457 cepit
844 1358 929 1437 hunc
945 1384 995 1439 loo

79 1455 289 1515 eruditissimus
307 1458 457 1511 Dacierius
475 1474 526 1529 pro
546 1461 577 1509 in
594 1476 675 1508 auras
699 1468 865 1519 attenuatus,
895 1454 995 1505 ιυαηὶάι

79 1540 146 1575 cum
165 1533 263 1579 tamen
273 1537 358 1589 recta
375 1545 442 1581 eum
451 1526 619 1581 Torrentius
635 1525 838 1597 explicavisset.
869 1522 995 1575 Remotio

79 1609 169 1657 auras,
187 1592 243 1647 hoc
261 1604 310 1661 est,
330 1597 362 1648 in
380 1596 519 1649 aetherias
536 1612 620 1648 auras
639 1603 752 1649 evectus
769 1593 806 1645 ab
823 1593 943 1645 Aurora.
978 1592 995 1643 t

78 1659 134 1712 tim
158 1663 213 1713 boc
231 1665 332 1717 Poitae
357 1665 524 1730 decantant3
553 1680 644 1715 unum
669 1664 814 1716 dumtaxat
838 1659 924 1719 Statii
947 1658 995 1733 loa

79 1727 207 1797 efferam,
227 1734 277 1802 qui
296 1734 364 1785 huic
381 1742 478 1787 nostro
497 1749 657 1801 germanus,
679 1731 748 1785 silv.
770 1730 793 1798 Ι,
814 1743 840 1791 a.

154 1798 215 1851 Nec
232 1803 258 1857 si
273 1802 417 1853 Dardania
435 1815 527 1871 pastor
544 1803 701 1859 temerarius
716 1800 770 1855 ita

149 1869 275 1933 Sedisses,
296 1870 362 1927 baec
380 1873 450 1922 dona
462 1869 574 1933 forent:
591 1886 639 1921 nec
656 1870 682 1920 si
698 1868 772 1919 almu
793 1879 846 1937 pst
863 1880 952 1923 ituras

107 1966 110 1973 ·
153 1936 190 1985 Te
207 1939 296 2002 potius
314 1956 413 2005 prensa
429 1937 536 1988 veheret
557 1936 685 1987 Tithonia
703 1937 774 2001 biga.
835 1938 839 1945 '
896 1982 900 1991 ,

79 2000 228 2057 Sententia
248 2004 343 2081 itaque
363 2005 449 2061 buius
464 2004 522 2061 loci
542 2004 612 2056 baec
630 2012 685 2057 est:
715 2005 848 2059 Mortuus
874 2010 917 2053 sst
940 2002 995 2057 Tse

75 2066 133 2133 lus,
152 2070 204 2120 etsi
223 2088 343 2123 convive
362 2073 479 2127 dearum
496 2073 600 2139 fuerit3
619 2072 768 2136 Tithonus,
788 2068 839 2122 etsi
857 2070 983 2123 aetheris

80 2135 160 2202 cole3
189 2138 298 2206 Minos,
328 2141 378 2191 etsi
404 2136 473 2199 ’Διὸς
498 2133 645 2208 ὀαριστής,
674 2140 732 2192 sire
756 2137 937 2201 consiliarius
961 2140 995 2193 lo*

80 2202 163 2257 Tolle
183 2204 241 2257 iam
259 2206 328 2274 boc,
349 2217 378 2261 et
397 2208 444 2267 dic
463 2225 529 2265 cum
546 2209 699 2277 Decimio,
727 2209 802 2271 (etsi)
822 2208 853 2257 in
872 2222 995 2259 amasso

79 2283 140 2333 tus;
169 2282 197 2323 et
214 2276 384 2331 sententiam
402 2293 515 2345 prorsus
540 2276 709 2347 corruperis.
754 2274 854 2341 Certe,
881 2283 916 2327 ut
935 2275 995 2331 Mis

80 2348 109 2390 et
134 2342 263 2411 Tantali,
297 2344 339 2396 sic
359 2355 386 2397 et
404 2345 522 2398 Tithoni
541 2346 664 2414 dignitas
681 2343 820 2415 quaedum
838 2350 867 2395 et
885 2345 995 2397 eminet

82 2410 266 2477 exprimenda
284 2422 359 2481 eret,
380 2430 434 2483 quo
451 2413 539 2467 talem
557 2423 586 2469 et
602 2424 714 2469 tantum
728 2412 877 2467 hominem
895 2411 995 2465 inortu

80 2483 178 2529 tamen
195 2498 252 2533 esse
272 2480 458 2534 mirabundus
475 2483 621 2537 fateretur.
648 2483 798 2535 Caeterum
815 2478 922 2535 viderit
931 2480 995 2535 Nost

102 2561 151 2597 uos
169 2559 296 2602 auctores
315 2559 463 2619 sequaturs
493 2559 604 2604 comet
622 2550 670 2602 hic
688 2550 828 2601 etCarm.
850 2548 889 2615 ΙΙ,
914 2550 955 2601 ι6.
993 2562 995 2569 ·

81 2620 94 2662 t
116 2631 204 2667 onum
222 2616 253 2676 in
271 2619 390 2671 mortuis
408 2629 548 2672 numeret.
584 2618 667 2672 Certe
684 2618 812 2669 nondum
829 2615 956 2683 obierat,
977 2634 995 2669 c

81 2680 219 2751 Virgilius
238 2703 286 2738 sua
306 2687 445 2757 Georgica
463 2686 671 2745 conscriberet:
696 2686 803 2757 quippe
819 2684 879 2737 iarn
897 2694 978 2755 turn,

81 2759 175 2816 antea,
197 2755 331 2821 surgebat

154 2820 265 2875 Tithoni
282 2842 402 2874 croceum
419 2824 542 2891 linquam
560 2824 664 2874 Aurora
680 2821 775 2873 cubile.

81 2885 160 2954 Quin
178 2897 206 2941 et
224 2888 392 2963 posteriores
410 2894 520 2957 Poe'tae,
540 2900 610 2958 tum,
630 2908 698 2943 cum
712 2892 811 2941 Noster
827 2888 888 2958 ipse
906 2889 940 2943 in
958 2889 995 2942 do

80 2953 217 3009 Plutonia
234 2968 310 3028 erat,
340 2960 499 3013 Tithonum
522 2960 613 3017 adhuc
639 2960 670 3011 in
695 2958 788 3011 uxoris
806 2957 919 3029 gremio
938 2959 994 3013 eut

80 3028 140 3074 tem
160 3026 303 3079 viderunt.

119 3098 157 3148 18·
177 3094 269 3144 Exitio
288 3107 326 3147 cst
345 3096 431 3145 aridis
449 3111 521 3144 mure
538 3093 639 3162 nautis]
671 3096 716 3147 Ita
733 3094 803 3147 editi
822 3093 975 3164 plerique;

79 3158 172 3215 multo
201 3162 295 3217 maior
321 3162 479 3231 meliorque
507 3179 572 3231 pars
599 3162 732 3215 codicum
759 3164 950 3233 scriptorum,
985 3181 995 3215 r

81 3236 157 3279 certe
176 3247 286 3299 omnes,
318 3232 450 3291 Avidum
478 3230 581 3300 quibus
604 3232 743 3283 accedunt
769 3232 906 3283 editiones
933 3232 993 3303 pris

79 3296 187 3353 Veneta
206 3308 235 3355 et
254 3299 402 3363 Loscheri,
421 3307 450 3350 et
467 3298 639 3351 scholiastae
664 3309 780 3353 veteres.
804 3300 953 3369 -Utraque
978 3316 995 3353 ss

79 3361 167 3419 lectio
189 3366 262 3419 bene
278 3367 378 3435 babet,
398 3367 421 3418 si
441 3367 614 3419 versiculum
632 3367 710 3420 huno
727 3370 762 3420 ab
780 3368 908 3420 oratione
929 3367 995 3421 relic

80 3432 232 3487 abscissum
259 3434 353 3509 ipsum
380 3452 432 3508 per
460 3452 490 3487 se
517 3436 686 3491 consideres.
731 3437 844 3507 Quippe
873 3436 950 3487 avidi
978 3454 995 3490 s

79 3511 262 3571 mercatores,
280 3514 317 3571 et,
337 3503 406 3557 dum
423 3504 505 3559 lucro
519 3503 642 3577 inhiant,
662 3507 772 3560 esitium
789 3520 872 3579 saepe
885 3504 943 3558 sibi
958 3522 995 3577 qu

78 3578 157 3625 runt.
193 3572 322 3647 Propert.
342 3574 393 3643 Ill,
413 3588 440 3643 5.
780 3598 783 3603 ·
