2250 3990
83 122 151 191 ffl
302 150 305 154 -
368 134 402 193 q.
436 130 596 177 uouerat
628 134 761 191 πωροι

157 218 277 290 Myrtus,
293 226 322 267 et
338 214 425 267 omnis
441 214 519 283 copia
535 215 650 267 narium.
668 277 675 283 ι
711 208 715 215 ’

86 291 172 415 qnod
195 293 338 343 mutatum
362 284 399 335 ab
421 282 471 351 iis,
507 284 556 355 qui
581 282 764 352 metuebant,
792 298 831 339 ne
853 280 933 343 vetit!

87 359 277 421 caudicaret,
309 362 339 405 et
356 351 521 421 Trocbeeo,
547 352 612 404 loco
629 352 787 423 Spondaei,
805 354 933 409 incedere

86 430 138 505 qui
164 424 244 480 alind
274 436 378 487 curare¹
404 420 498 489 potius
523 418 698 475 debuerunts
735 420 814 479 salva
842 422 923 477 enias.

59 492 62 500 ’
86 510 222 557 mensura
241 500 299 556 est;
316 488 457 560 siquidem
473 486 583 556 Myrtus
598 488 646 542 bic
665 506 788 545 numero
804 488 907 563 plurali
921 488 933 541 l

86 578 120 631 ut
138 573 205 619 anta
223 577 276 614 aas
292 558 342 611 alii
359 564 544 611 monuerunt.
579 558 636 611 Nos
654 558 685 611 id
701 568 782 612 recte
798 560 835 621 ab
849 560 933 613 Horat

86 646 152 691 tum
167 648 226 685 esse
244 626 508 680 demonstrabimus.
544 626 660 692 Errant,
689 626 787 699 inquit
808 626 934 681 Obaridu

86 708 134 777 qui
152 700 243 755 onmia
259 713 359 765 genera
377 694 500 745 arborum
517 707 628 759 quartae
651 695 829 749 declinationi
848 696 928 749 solent

86 790 170 835 nam·
186 767 303 821 inuentis
318 765 393 843 ipsis,
410 764 567 831 praesertim
584 764 653 832 opud
673 763 830 844 Virgilium,

155 840 192 893 Et
211 852 268 901 vos,
284 851 302 885 o
317 831 402 899 laun,
422 848 539 898 carpam,
559 844 584 881 et
600 844 635 897 te,
647 848 779 915 proxima
788 832 893 903 Myrte.
931 884 934 891 ,

85 905 258 967 Consentiunt
274 914 363 953 tamen
378 898 510 964 nonnulli,
530 899 647 951 dicentes
659 898 789 953 Laurum
805 900 934 971 etMthu

47 988 51 999 ’
85 990 199 1053 quarm
218 969 420 1032 declinationis,
448 980 474 1017 et
496 980 601 1019 tontum
625 969 785 1019 auctoritate
803 972 903 1021 mutari
914 970 934 1021 ia

83 1046 142 1104 'tivo
161 1060 235 1098 casu.
275 1035 361 1091 Vides
377 1050 412 1087 ex
429 1034 692 1089 Grammaticorum
748 1034 888 1089 o'ruadam
902 1052 934 1091 aa

87 1119 199 1186 Myrtus
220 1107 311 1179 probe
328 1103 388 1156 dici
412 1119 532 1156 numero
557 1102 673 1174 plurali.
732 1104 874 1158 risciauus
893 1112 934 1159 an

88 1198 148 1254 717·
173 1182 246 1234 baec
264 1173 323 1227 sola
339 1173 476 1225 arborum
494 1174 612 1225 nomina
630 1172 728 1240 ponit,
760 1190 899 1243 quercum,
921 1172 935 1225 l«

85 1250 191 1324 ¹pinum,
208 1260 332 1307 cornum,
352 1240 455 1307 ficum,
475 1258 541 1308 quac
559 1254 615 1291 tarn
632 1241 777 1307 secundae,
796 1241 849 1311 ait,
868 1246 935 1313 quari

86 1337 131 1375 tae
154 1313 336 1371 inueniuntur.
384 1307 440 1359 Ubi
466 1308 559 1377 primo
583 1324 734 1379 perperam
759 1309 857 1363 omisit
882 1328 935 1379 capr

85 1405 160 1462 quae
177 1382 325 1447 utriusque
344 1375 543 1429 declinationis
558 1387 614 1442 est,
646 1377 670 1429 si
688 1376 750 1431 ulla
765 1378 836 1431 fides
851 1376 935 1433 beben

86 1454 230 1514 veteribus
247 1444 429 1500 membranis.
474 1444 573 1497 Noster
595 1445 626 1497 in
648 1432 714 1497 Arba
734 1464 761 1499 r.
782 1458 842 1515 332.
887 1446 935 1499 Lea

86 1524 178 1581 „anda
194 1534 333 1587 cupresso:
349 1514 457 1577 duoex
473 1513 576 1567 nostris
594 1512 757 1582 codicibus,
782 1531 919 1583 cupressu,

86 1597 127 1665 11,
150 1607 190 1658 ¹4
228 1586 339 1638 Praeter
354 1583 458 1633 invisas
474 1598 626 1653 cupressos:
649 1581 802 1634 multi‘ihi
839 1598 935 1652 cupreas

86 1660 197 1719 videbis
213 1652 291 1727 apud
307 1650 494 1718 Lambinum,
513 1649 714 1715 Torrentium,
734 1658 763 1701 et
778 1623 859 1705 alios.
899 1650 935 1731 up

86 1732 166 1789 ,lubet
182 1739 319 1795 cupressus
327 1719 474 1788 srancbrcs:
502 1719 547 1772 Ite
571 1719 603 1769 in
629 1718 847 1771 omuibus'iere
869 1718 935 1771 ertia

85 1804 146 1857 iam
161 1794 230 1851 inde
255 1810 272 1843 a
295 1790 389 1863 prima
415 1789 521 1843 Veneta
544 1802 676 1839 ercurmn
700 1794 756 1841 est:
787 1786 830 1841 sic
849 1784 936 1859 'utiq

84 1867 176 1927 nostri
193 1860 339 1918 Leidensis
355 1865 385 1911 et
401 1854 596 1911 Graecinum·
612 1855 713 1923 virgil.
733 1856 803 1907 Aen.
823 1854 874 1925 111,
893 1856 932 1923 de.

86 1957 137 2011 qne
154 1947 290 2003 cupresso:
318 1934 348 1981 at
371 1925 404 1981 in
422 1922 545 1992 antiquis
567 1922 709 1993 plerisque
726 1922 887 1993 codicibus,
914 1940 936 1975 cr

87 2016 182 2061 extare
205 2001 264 2051 iam
287 1995 395 2048 dudum
417 1990 526 2043 notavit
549 1990 667 2043 Pierius.
703 1993 795 2110 Atque
821 1992 876 2047 boc
898 2008 936 2045 nrt

86 2070 206 2129 caeteris
234 2068 321 2117 etiem
349 2058 439 2131 politis
465 2057 575 2111 varient
607 2060 714 2129 ubique
753 2078 802 2113 π,
834 2060 908 2114 qm

86 2139 270 2197 membranae
286 2137 418 2205 vetustae.
457 2126 539 2179 Unde
561 2124 593 2177 id
612 2137 688 2178 certe
705 2145 757 2197 pro
775 2126 936 2199 compertoj

85 2227 166 2275 mue,
197 2202 221 2257 si
238 2214 298 2253 non
315 2198 347 2247 in
364 2196 423 2247 ilus
439 2202 589 2248 auctorum
607 2194 695 2263 locis,
725 2203 754 2247 nt
776 2196 877 2251 „stem
893 2198 924 2249 q,

86 2272 293 2331 consuetudine
308 2265 403 2331 luisse,
424 2271 456 2315 ut
474 2262 513 2313 Cu
533 2281 618 2313 sessus
636 2271 753 2333 quartae
769 2265 857 2317 etiam
874 2264 937 2317 (1901

86 2346 132 2403 nis
156 2342 317 2396 haberetur.
371 2331 425 2384 Sed
451 2338 480 2383 ct
534 2345 627 2399 prtum
649 2330 725 2385 male
749 2334 847 2387 omffit
869 2334 937 2387 pri,

86 2430 160 2487 quae
177 2401 376 2463 declinationis
395 2408 511 2470 quartae
530 2410 584 2467 est,
613 2417 671 2452 nou
696 2409 807 2454 tantum
825 2402 857 2455 in
874 2404 927 2457 bac

85 2482 159 2552 loco,
177 2477 227 2534 sed
243 2472 320 2545 apud
336 2470 430 2541 ipsum
448 2468 601 2538 Virgilium
620 2469 722 2537 Georg.
742 2470 778 2537 11⁸
798 2470 842 2537 64,
880 2484 884 2491 ·

154 2548 205 2602 Sed
225 2544 328 2596 truncis
347 2539 420 2590 oleae
439 2538 543 2603 melius,
560 2538 705 2604 propagine
722 2538 791 2589 vises

154 2612 333 2683 Respondent,
352 2605 440 2658 solido
457 2606 582 2675 Paphiae
600 2606 632 2655 dc
650 2605 741 2655 robore
760 2613 883 2674 myrta„

84 2688 137 2744 ubi
154 2681 296 2739 contendo
317 2674 436 2743 Paphiae
454 2686 555 2741 myrtus
571 2690 628 2726 csse
645 2672 817 2725 nominativi
842 2670 937 2745 plural

86 2759 185 2821 Olane,
215 2760 243 2804 et
261 2746 347 2800 vites:
374 2742 427 2794 etsi
443 2742 616 2795 recentiores
633 2741 748 2809 Virgilii
766 2743 827 2793 inte
864 2752 934 2795 rem

83 2825 242 2896 accipiant,
268 2825 303 2867 ut
320 2814 428 2880 Myrtus
447 2809 563 2875 Paphiae
587 2811 726 2874 (Veneris)
752 2810 836 2879 singu
850 2811 894 2863 ari
913 2824 938 2863 u,

83 2894 227 2949 efferatur.
264 2883 319 2938 Sed
335 2896 394 2933 non
412 2879 453 2930 ita
469 2876 594 2945 Servius,
623 2878 673 2946 qui
690 2876 810 2945 Paphiae
833 2879 938 2949 interpr

87 2963 229 3021 Veneriae,
263 2970 322 3006 non
344 2948 469 3007 Veneris<
496 2954 525 2997 et
540 2946 581 2998 sic
599 2954 661 3015 post
677 2946 833 3016 Virgilium
851 2948 938 3019 aliip

81 3030 167 3085 ovea,
183 3031 256 3081 Arte
273 3020 326 3087 111,
349 3028 405 3080 18¹·

149 3096 203 3147 1150
220 3088 341 3160 Paphias
358 3091 473 3153 myrtos,
491 3080 536 3133 bic
552 3097 698 3150 purpureas
708 3080 884 3150 Arnetlrystos.

78 3166 185 3223 &atius
202 3161 291 3215 Theb.
311 3155 356 3220 1v‚
375 3167 434 3220 30¹·

230 3228 260 3279 lsi
279 3222 400 3293 Paphias
416 3226 522 3289 myrtos
540 3236 557 3269 a
572 3220 653 3286 stirpe
670 3231 822 3279 recurvant,

78 3305 185 3359 Senem
202 3294 323 3364 Oedipo·
341 3303 400 3357 539·

146 3373 245 3423 Amara
262 3361 350 3413 buccis
367 3359 469 3421 laurus,
487 3366 513 3405 et
529 3352 606 3407 tiliae
626 3354 704 3421 leves,

148 3440 184 3491 Et
200 3430 311 3504 Paphia
326 3434 443 3495 myrtus.

78 3512 197 3565 Certum
226 3503 236 3554 i
258 3502 316 3551 itur
343 3502 384 3546 est
416 3491 535 3561 Paphiae
566 3503 666 3561 myrtus
693 3485 801 3558 plurali
827 3504 887 3543 esse
911 3502 939 3539 nt

77 3578 153 3653 apud
170 3568 342 3643 Virgilium
360 3562 446 3615 etsie
465 3558 592 3614 Catullus
611 3556 804 3631 Epithalamio
821 3556 911 3625 Pelei,
