2250 3990
286 284 488 330 carminum
524 242 677 334 aresii.
763 228 766 235 Ι
898 240 980 341 153ι

57 368 165 425 Plinius
176 368 258 422 nisu
269 368 390 437 XXXVI,
410 382 435 437 3.
471 368 618 420 Columnas
629 368 784 437 Hymettias
799 388 855 423 non
870 377 964 443 plures
1023 428 1027 439 ,

57 438 188 492 ‚nt'ibid
208 438 294 507 XVII,
318 454 342 494 1.
381 438 526 490 Columnas
551 450 675 506 quattuor
692 438 824 507 Hymettii
846 462 963 498 marma.

57 566 59 572 y
83 507 141 561 tal.
165 507 308 560 Maximus
324 507 379 577 IX,
401 524 425 559 1.
463 507 511 558 Gn.
533 506 670 557 Domitius
686 506 718 557 L.
738 508 834 559 Crasso
852 512 960 584 obiecit,

57 576 222 629 deolumaas
239 574 394 644 Hymettias
418 577 448 627 in
470 576 574 641 porticu
592 574 685 625 domus
701 574 820 628 baberet}
852 580 962 637 Trabes

57 662 94 697 nn
110 660 144 697 ex
162 644 265 697 arbore
289 644 363 697 citro
389 644 425 697 ab
452 642 552 707 Africa
574 650 663 725 usque
690 642 795 712 petitae
819 648 962 708 columnia

57 712 169 767 rmoreis
185 712 419 782 imponebantur.
456 710 591 781 Apposite
609 710 714 763 btetiut
733 711 803 765 Sile.
823 715 870 786 tv,
891 732 918 778 2.

69 782 118 833 Sed
133 780 201 832 mibi
217 798 273 831 noa
296 782 396 849 epulas,
419 780 548 849 Indisque
564 778 677 832 innixta
694 777 836 835 columnis

71 850 184 907 Robora
200 850 380 902 Maurorum.
921 858 924 863 '

57 926 91 971 ae
105 934 172 972 vero
193 918 296 969 Trabes
313 918 349 970 ds
366 916 456 971 c'itro:
473 924 507 968 ut
522 915 626 969 Noster
645 912 741 973 Carni}
760 918 854 987 1v‚,1.

71 988 154 1039 Ponet
173 1004 349 1037 rttarmoroam
364 986 413 1037 sub
430 986 511 1038 nube
528 985 633 1039 citrea:

57 1056 111 1109 tide
128 1056 247 1123 insuper
263 1065 296 1107 ut
312 1072 329 1107 a
350 1063 378 1105 te
396 1055 538 1107 inferatur
555 1053 630 1106 illud
642 1054 764 1121 Resisae,
783 1053 820 1107 de
836 1058 965 1117 trabibus
1025 1104 1033 1125 ,

57 1124 122 1177 reis:
141 1132 175 1174 ut
191 1124 286 1175 Germ.
337 1125 359 1190 1,
378 1124 404 1176 6.
757 1149 760 1155 ·

71 1193 174 1245 Matris
190 1192 226 1241 nd
243 1192 385 1243 arbitrium
401 1190 508 1245 recisos

72 1262 185 1312 Portare
204 1260 293 1313 fustes
450 1318 454 1325 ¹

57 1342 95 1383 ur
120 1328 192 1381 baec
214 1330 365 1398 protulisse
390 1328 514 1382 urfficiet
536 1328 570 1382 ad
590 1328 674 1382 Galei
699 1330 896 1387 coniecturam
917 1336 967 1390 fir.

57 1398 146 1451 nda'm.
183 1400 289 1450 Verum
315 1415 381 1451 cum
406 1416 506 1453 omnes.
528 1399 633 1467 ubique
657 1400 768 1451 codices
792 1402 823 1453 in
852 1416 968 1475 recepta

57 1466 129 1519 tione
147 1467 334 1535 consentiant,
355 1477 384 1519 et
401 1478 547 1536 praeterea
566 1484 601 1518 ex
621 1470 800 1520 correctione
811 1470 895 1542 Geloi
913 1474 968 1527 im.

57 1535 132 1589 iiiior
147 1534 246 1605 perillo
264 1544 293 1587 et
314 1536 493 1588 invenustior
516 1536 566 1587 tias
589 1536 657 1588 ordo
681 1537 968 1601 varb0n1m3'satius

65 1604 183 1657 fortasse
206 1604 304 1657 locum
321 1613 364 1657 sat
388 1605 460 1655 bona
485 1620 514 1655 se
537 1604 691 1655 habentem
716 1622 773 1656 non
799 1598 967 1666 sollicitare.

57 1674 112 1727 ibes
127 1674 208 1727 enim
228 1690 313 1743 supra
331 1672 479 1726 columnas
496 1671 619 1739 positae,
648 1689 708 1723 nori
732 1689 747 1723 e
766 1674 846 1741 ligno
865 1680 965 1749 solnm,

80 1758 96 1793 e
123 1741 221 1811 lapide
240 1742 361 1804 fiebant,
395 1750 428 1791 nt
453 1740 623 1791 Architectis
645 1750 761 1793 notum:
793 1753 821 1793 et
846 1748 968 1813 proinde

57 1826 134 1863 rmcr
151 1811 331 1879 Hymettium
349 1819 409 1860 tam
429 1809 556 1859 trabibus
580 1808 778 1872 conficiendis,
808 1828 892 1879 quam
922 1834 971 1869 oo.

57 1880 114 1931 unis
131 1878 192 1931 erat
209 1887 317 1947 aptum.
354 1877 466 1928 Plinius
489 1884 588 1927 narrat
606 1877 638 1926 in
660 1876 745 1928 domo
764 1878 888 1932 Sataucis
907 1884 973 1943 001.

57 1962 128 1999 num
154 1947 230 2015 regis
256 1948 351 1999 trabes
376 1946 462 1996 fnisse
485 1954 648 2014 argenteas,
683 1945 755 1996 Hist.
782 1946 916 2017 xxxin,
944 1966 970 2020 3.
1016 1978 1033 1999 ,ν

57 2017 103 2067 iet
121 2017 198 2066 iliius
218 2034 315 2065 aureae
337 2031 474 2077 camerae,
493 2026 518 2064 et
536 2020 688 2081 argenteae
706 2013 799 2064 trebes
817 2028 972 2087 narranturj
1015 2066 1023 2079 ,

57 2086 209 2149 columnae,
239 2097 264 2133 et
283 2086 471 2151 parastaticae.
512 2083 546 2132 In
569 2083 687 2133 Veneris
707 2081 792 2133 domo
810 2082 972 2155 smaragdi-

57 2155 168 2207 ttrabes
186 2169 279 2225 super¹
290 2151 494 2230 Hyacintbinas
522 2150 670 2202 columnas
694 2151 778 2220 ponit
797 2151 973 2212 Claudianus

63 2212 178 2288 Nuptiis
196 2223 317 2272 Honorn
338 2239 361 2272 v.
383 2232 424 2283 88.

77 2292 232 2341 Admisceas
252 2303 336 2340 artem
351 2292 445 2355 pretio,
464 2287 647 2355 trabibusque
665 2289 821 2359 smaragdis

80 2359 222 2425 Supposuit
240 2376 332 2408 caesas
350 2356 492 2424 hyacinthi
512 2374 575 2473 effe
594 2357 739 2407 colttmaas.

57 2444 76 2479 u
93 2444 161 2496 ergo
188 2426 327 2477 columnae
346 2425 400 2477 illa
416 2425 511 2475 ultima
552 2423 623 2493 frica
641 2428 741 2475 recisae
761 2434 846 2476 erunt
865 2427 974 2480 colum·

57 2496 235 2547 amonitoris
253 2493 414 2560 Numidici,
446 2508 518 2561 quae
542 2491 618 2559 eptrd
642 2493 785 2546 Romanos
812 2512 915 2562 magno
943 2498 975 2547 in

57 2579 120 2615 tiore
138 2572 236 2627 erunt,
251 2568 255 2573 '
268 2571 301 2614 ut
324 2561 414 2614 multa
432 2562 604 2628 scriptorum
624 2559 688 2612 locu
711 2571 859 2617 testantur.
895 2566 976 2618 Iuve-

57 2632 88 2685 us
104 2634 165 2699 vn,
189 2643 246 2694 132.

81 2702 163 2752 Parte
183 2701 240 2750 alia
259 2696 554 2765 longisNumidnrum
564 2695 643 2763 fulto
663 2694 806 2749 columnis

80 2772 192 2836 Surget,
212 2782 237 2818 st
255 2769 389 2833 algentem
407 2768 495 2835 rapiat
513 2766 636 2815 castrutio
653 2765 745 2813 solem.

57 2848 132 2891 etum
150 2836 225 2889 illud
245 2835 321 2905 quod
338 2851 404 2886 mox
422 2852 448 2886 v.
474 2842 516 2896 23.
543 2832 678 2899 habetur,
708 2833 847 2884 Prot-imos
871 2838 978 2889 revellis

57 2910 76 2957 ·i
101 2908 243 2970 terrninos,
274 2905 351 2956 clare
375 2903 501 2954 imitatus
529 2908 571 2952 est
596 2899 793 2969 Quintilianus
817 2904 975 2959 Declamat.

57 2977 91 3027 [i.
131 2974 210 3041 Quod
234 2974 304 3023 cives
329 2972 467 3040 pascebat,
496 2988 568 3020 auno
592 2970 696 3019 diuitiis
715 2974 794 3021 auius
811 2970 904 3024 hortm
921 2988 976 3025 est:

57 3058 153 3111 tqmrm
178 3042 321 3111 prosimos
339 3055 465 3111 qtiosque
482 3036 648 3091 revellendo
666 3038 802 3091 terminos
820 3056 888 3110 eger
905 3042 978 3094 Iocu-

61 3117 96 3163 tis
114 3113 265 3161 inundauit.
714 3122 716 3135 '

57 3196 91 3249 30.
123 3181 243 3247 Rapacis
272 3177 338 3231 Orci
366 3180 427 3228 sede
456 3175 601 3240 destinata]
648 3173 794 3243 Editiones
822 3177 976 3250 principos,

57 3266 137 3319 nque
156 3251 262 3299 Veneta
280 3260 346 3299 eum
363 3245 571 3306 Loscberiauu‚
595 3241 656 3307 siae
673 3243 794 3310 babent,
823 3262 882 3298 non
900 3251 979 3311 serie;

57 3320 93 3370 do
114 3317 195 3382 prior
219 3315 272 3366 illa
290 3316 378 3367 lectio
399 3313 568 3385 posteriores
586 3311 646 3363 foro
664 3329 762 3367 onines
779 3317 944 3386 occupavit:
1007 3320 1010 3325 '

84 3386 177 3436 Nulla
193 3387 290 3435 certior
308 3399 398 3434 taenea

121 3454 243 3521 Rapacis
260 3455 317 3503 orei
334 3454 392 3504 fine
410 3454 553 3519 destinata,

80 3523 156 3575 Auia
176 3524 288 3571 diuitem
307 3533 397 3572 stranet

121 3590 235 3640 Herum.

59 3664 69 3715 i
101 3661 199 3713 Finem
224 3658 282 3712 ora·
306 3655 465 3713 Lambinus
490 3656 696 3729 Ducieriusque
722 3665 849 3711 extreme
873 3664 904 3711 et
917 3654 991 3711 ‘insu
