2250 3990
274 264 472 325 renuuntur
507 210 714 322 tinnire.
794 278 800 305 =
916 254 980 319 tos
1019 322 1022 331 ,

49 359 131 404 nctus
151 357 180 400 et
197 366 227 402 ee
246 357 275 401 et
299 349 438 401 lectorem
461 348 596 419 ambigue
618 346 688 403 roce'
705 347 810 403 elusit..
828 352 920 431 ¹Atqui
938 370 976 404 ne

49 421 94 471 ud·
108 418 224 488 quidem
245 419 465 487 extorquebunt,
497 417 668 486 particulam
686 436 718 469 ve
733 418 973 487 significationem
1054 429 1056 434 '

49 490 106 568 nis,
135 485 183 538 cui
209 485 345 538 adiuncta
365 488 435 551 ests
451 502 568 556 usquam
590 494 703 554 augere.
740 486 852 563 Quippe
869 489 900 540 in
918 489 971 542 illo

49 573 108 607 reri
124 555 203 622 loco,
231 562 290 615 tem
307 558 340 606 in
356 555 440 606 editis
458 571 543 623 quam
560 554 689 625 seriptis,
713 557 877 623 praegrandi
893 557 971 611 exhi·

49 634 107 691 hur,
128 625 345 688 nonvegrandi.
381 625 436 675 Sat.
457 623 477 689 l,
499 624 541 690 96.
574 630 577 643 '
946 620 950 627 ’

82 695 167 745 Arme
185 693 279 743 virum
299 709 387 742 nonne
404 690 454 740 lroe
470 708 622 758 spumosum
635 690 665 740 'et
681 690 777 741 cortice
792 691 908 759 pingui?

85 762 120 813 Ut
137 761 237 813 ramale
257 774 340 825 vetus,
362 759 533 829 praegrandi
549 758 642 809 subere
661 771 770 810 coctum.

49 826 107 897 {ue
127 831 213 881 etiem
232 829 254 880 si
274 828 396 880 maxime
417 827 465 879 hic
483 827 613 894 vegrandi
630 825 788 896 legeretur,
814 844 869 880 non
888 827 971 883 valde

49 896 168 962 melem,
203 905 234 947 ut
251 896 296 946 illi
310 896 430 963 ¹volunt,
460 895 508 946 ssd
533 896 687 959 minimum
704 895 835 957 suberem
852 905 969 950 uoueri.
1017 918 1020 923 ·

49 966 157 1016 mirum
176 964 200 1017 si
217 966 382 1032 praegrandi
397 963 511 1034 scripsit
527 962 654 1030 Persius,
685 964 779 1017 iocose
798 973 827 1014 et
844 982 895 1034 per
912 968 973 1018 iro·

56 1050 111 1097 ¹²²3
143 1035 167 1083 si
193 1035 336 1100 vegrandi,
365 1033 440 1085 serio
465 1040 493 1083 et
517 1049 582 1083 rere
607 1032 770 1102 respondit,
806 1034 868 1084 Hoc
892 1035 972 1087 enim
995 1080 998 1085 .

53 1114 84 1168 t,
104 1101 220 1170 Virgilii
240 1102 337 1153 stilum
355 1101 430 1153 nihil
446 1099 579 1153 infletum
599 1099 796 1167 steterentin,
815 1101 891 1153 nihil
909 1108 972 1153 eoi-

49 1188 80 1223 ,ε
98 1171 261 1239 suberisque
279 1171 398 1222 hebere:
430 1170 478 1223 sed
497 1177 585 1221 totum
604 1184 662 1233 esse
682 1169 717 1222 de
739 1168 810 1221 duri
828 1179 856 1222 et
878 1168 969 1223 solido

56 1256 124 1291 ore.
162 1242 196 1289 At
213 1239 247 1289 ad
266 1239 379 1290 Festum
397 1256 447 1291 nos
463 1238 631 1304 emendent,
657 1239 721 1306 q'ui,
753 1238 906 1304 Vegrande,
926 1239 971 1291 in·

55 1317 87 1373 t,
106 1307 263 1374 significare
281 1308 331 1357 alii
347 1310 424 1358 aiunt
441 1306 510 1357 male
527 1307 636 1372 grande,
654 1307 706 1356 olii
720 1323 832 1372 parvum
848 1308 904 1358 sive
922 1310 972 1357 rni-
1013 1320 1015 1324 '

49 1392 117 1425 um.
146 1375 301 1444 'Optimum
320 1392 386 1427 sene
406 1375 587 1441 advocetur‘n,
618 1374 671 1437 cui,
687 1374 741 1442 ipsi
766 1373 823 1426 elio
849 1384 970 1444 petrono

49 1457 85 1497 rs
102 1452 151 1494 est.
189 1445 259 1495 Nem
282 1445 351 1494 male
374 1444 476 1511 grande
501 1451 530 1504 et
552 1448 679 1509 pervum,
707 1459 764 1492 non
793 1445 972 1498 contrariom

49 1527 112 1578 qne
129 1512 203 1570 adeo
218 1512 378 1578 diversum,
412 1510 460 1561 sed
485 1510 563 1560 idem
583 1509 667 1578 plone
685 1510 848 1578 significare
869 1512 970 1565 solent.
1034 1516 1040 1531 “·

74 1580 184 1632 Nonius
212 1580 315 1631 diserte
340 1580 395 1643 aitg
427 1578 581 1644 Vegrande,
608 1578 687 1627 valde
705 1579 816 1644 grande.
850 1580 974 1631 Lucilios
1016 1590 1021 1599 “

49 1663 83 1698 ὀ
100 1648 157 1698 XX
161 1649 206 1699 VI.
525 1654 529 1661 “

60 1711 72 1728 ’“
84 1717 150 1766 Non
168 1716 264 1765 iccirco
284 1712 428 1777 extollitur,
448 1728 495 1762 nec
512 1713 584 1761 vitae
601 1711 734 1777 vegrandi
751 1710 855 1763 datur.'

49 1779 64 1831 Ι
98 1786 210 1849 quoties
234 1783 329 1832 fetum
354 1778 406 1831 ille
429 1779 590 1849 turpissime
616 1796 645 1830 se
671 1778 734 1845 det,
772 1789 800 1830 et
825 1790 975 1832 auctorum

54 1870 75 1900 ev
99 1867 185 1918 preve
204 1858 232 1899 et
250 1849 362 1900 sinistre
380 1847 605 1918 interpretetur?
636 1846 759 1899 Fortasse
777 1848 861 1899 etiem
880 1848 985 1901 ethic·

49 1937 112 1969 isus
139 1928 196 1978 est,
223 1928 251 1968 et
277 1917 420 1983 vegrandis
443 1919 500 1967 vita
523 1914 637 1967 Lucilio
656 1924 719 1967 erat
735 1916 794 1969 vitu
809 1914 928 1973 humilis
946 1925 979 1976 et
1029 1936 1032 1940 ·

49 2004 140 2049 ‚sera3
163 1995 193 2036 ut
210 1987 235 2038 si
253 1984 338 2037 talem
357 2001 470 2037 versum
487 1993 654 2054 anteponet:

84 2055 146 2106 Nec
172 2058 201 2106 in
227 2056 347 2106 adversis
374 2053 450 2105 rebus
475 2054 581 2121 rapiens
607 2052 770 2132 cqncutitur,
804 2067 890 2120 neque
912 2067 976 2119 prv-
1055 2103 1061 2111 ,

599 2137 668 2170 eris:

87 2193 153 2244 Non
172 2194 271 2243 iccirco
288 2188 434 2251 extollitur,
452 2205 501 2237 nec
519 2137 597 2237 vitei?
608 2186 740 2255 vegrandi
758 2187 845 2239 detur.

49 2257 113 2326 die,
142 2262 217 2330 quod
236 2261 312 2312 idem
331 2259 437 2309 Nonius
455 2256 487 2307 ex
505 2255 641 2321 meliore,
668 2262 701 2307 ut
724 2256 851 2325 ridetur,
882 2272 975 2317 exem,-

49 2326 225 2381 leri‘versnm
246 2330 321 2378 hunc
339 2326 422 2378 aliter
440 2325 516 2390 citet,
539 2327 568 2375 t.
587 2324 711 2378 Efferre:
762 2336 766 2343 ‘
933 2384 937 2391 ι

88 2398 153 2447 Nun
170 2399 267 2448 iccirco
287 2397 435 2458 extollitur,
454 2393 495 2442 vel
514 2395 579 2458 irae,
596 2395 639 2443 vel
659 2393 755 2459 gaudii
773 2395 859 2445 dator.

49 2464 97 2517 deo
116 2475 146 2516 ut
166 2476 194 2518 et
211 2466 281 2516 levis
299 2460 444 2532 alioquin,
474 2469 503 2511 et
526 2461 635 2527 incerte
659 2462 696 2510 sit
713 2460 765 2511 hee
790 2462 823 2512 iu
840 2478 871 2511 re
888 2460 977 2513 Nonii
1021 2468 1033 2491 ’Δ

49 2537 182 2585 teteritas.
218 2535 272 2583 Sed
289 2532 358 2600 quid
380 2535 410 2580 Α.
431 2528 526 2592 Gellio
545 2529 651 2580 iacias?
670 2528 720 2596 qui
740 2527 813 2581 libro
831 2530 869 2595 V,
891 2546 930 2581 12.
950 2538 978 2595 et
1065 2530 1067 2535 ’

49 2602 89 2669 VI,
111 2619 136 2668 5.
174 2603 311 2653 Particula
329 2617 371 2664 ve,
392 2599 439 2663 nit,
460 2610 484 2647 et
503 2598 639 2662 erigendae
658 2598 697 2646 rei
714 2610 739 2646 et
757 2598 913 2651 minuendae
931 2615 978 2646 vu·

49 2686 72 2737 t,
97 2673 166 2721 siout
185 2672 254 2720 uliae
274 2668 423 2736 particulae
439 2666 586 2732 plurimue;
603 2665 799 2733 propterquod
816 2666 928 2727 accidit,
948 2677 979 2714 ut
999 2704 1002 2709 .

49 2741 151 2790 :aednm
169 2730 312 2801 vocdbula,
342 2734 435 2804 quibus
454 2734 588 2801 porticula
612 2735 667 2782 ista
681 2735 866 2799 praeponitur,
897 2732 980 2783 ombi-

49 2828 75 2858 ια
94 2811 147 2857 sint
173 2822 197 2855 et
218 2820 432 2865 utroqueversum
462 2802 601 2860 dicuntum
631 2799 715 2850 veluti
742 2802 865 2864 Vescum,
898 2799 980 2850 Vehe-

49 2894 112 2938 ηις,
144 2870 169 2925 it
191 2875 336 2941 Vegrunde.
382 2873 459 2921 Hauc
477 2869 590 2938 quidem
616 2867 675 2920 dici
694 2869 798 2932 fateor,
832 2867 879 2919 sed
898 2868 980 2920 nullo

49 2944 88 2997 tis
106 2943 209 2995 idoneo
228 2953 352 2993 auctore.
389 2939 458 3007 Quis
486 2938 563 2989 enim
581 2937 608 2988 ei
626 2937 809 3003 concesserit,
840 2935 982 2989 Vehemens

63 3024 136 3063 'ecre
157 3021 185 3061 ct
206 3010 354 3061 remissum
373 3006 556 3075 significare?
595 3007 704 3069 Vescum
728 3005 844 3076 quidem
861 3006 934 3056 exile
954 3014 983 3056 et

48 3081 133 3133 ncile
151 3088 244 3130 notet:
273 3079 328 3129 hoo
349 3076 535 3143 agnoscimus.
573 3077 607 3125 At
630 3074 777 3139 contrario
800 3090 882 3129 sensu
906 3074 984 3144 opud

49 3150 192 3201 ueretium
216 3145 282 3214 poni
303 3144 400 3196 volunt
417 3143 468 3192 lib.
487 3143 507 3209 I,
528 3143 586 3209 526.
606 3159 658 3213 pro
675 3143 767 3203 edaci:

95 3217 155 3267 Nec
175 3234 246 3265 roure
266 3210 331 3282 quoe
349 3210 507 3278 impendent,
525 3213 606 3261 vesco
625 3211 683 3262 sale
699 3212 766 3263 rave
781 3228 882 3279 peresa.

49 3286 81 3339 sd
102 3285 203 3354 quidni
226 3291 254 3333 et
280 3283 327 3333 hic
348 3278 459 3351 quoque
485 3279 631 3343 cummuni
658 3281 824 3349 acceptione
847 3290 983 3349 sumetur,
1047 3312 1050 3317 -

49 3373 103 3407 :sco
123 3356 188 3417 sule,
208 3353 236 3403 id
256 3360 303 3415 est,
324 3348 405 3400 tenui
422 3357 450 3398 et
470 3347 667 3400 minutissimis
685 3351 811 3416 portibus
829 3358 985 3414 constante,

52 3440 112 3493 que
133 3423 196 3473 ideo
216 3417 405 3490 penetrabili?
442 3416 479 3469 Ut
503 3419 588 3468 verbo
613 3416 721 3482 dicem,
749 3435 780 3467 ve
805 3417 988 3487 significatio·

49 3509 94 3543 ern
117 3507 220 3558 erigere
239 3499 266 3541 et
285 3485 450 3550 intendore,
471 3485 611 3536 nonsatis
629 3493 804 3553 compertum
823 3497 877 3539 est:
897 3496 926 3537 et
946 3494 990 3538 ut·

49 3576 154 3627 inique
173 3559 273 3625 iirerit,
308 3558 338 3608 in
365 3551 515 3621 ambiguae
536 3554 612 3616 vocis
630 3554 767 3620 vepallida
783 3570 835 3605 usu
853 3553 991 3608 ridendus

49 3637 106 3680 iret
130 3629 273 3678 Horatius.
308 3616 456 3694 Ergohec
475 3621 596 3675 lectione
613 3623 707 3687 muse,
726 3622 879 3690 rideamus,
898 3618 992 3691 riquid

49 3697 136 3752 ,elius
153 3697 226 3748 ieret
243 3695 333 3748 altero
351 3694 410 3759 illa,
639 3692 641 3697 ’
931 3712 937 3725 .
1000 3710 1003 3715 Α
