<?xml version="1.0" encoding="UTF-8"?>
<!DOCTYPE html PUBLIC "-//W3C//DTD XHTML 1.0 Transitional//EN"
    "http://www.w3.org/TR/xhtml1/DTD/xhtml1-transitional.dtd">
<html xmlns="http://www.w3.org/1999/xhtml" xml:lang="en" lang="en">
 <head>
  <title>
</title>
<meta http-equiv="Content-Type" content="text/html;charset=utf-8" />
  <meta name='ocr-system' content='tesseract 3.04.00' />
  <meta name='ocr-capabilities' content='ocr_page ocr_carea ocr_par ocr_line ocrx_word'/>
</head>
<body>
  <div class='ocr_page' id='page_1' title='image "./richardibentlei00bentgoog_0160.png"; bbox 0 0 2250 3990; ppageno 0'>
   <div class='ocr_carea' id='block_1_1' title="bbox 310 261 693 335">
    <p class='ocr_par' dir='ltr' id='par_1_1' title="bbox 310 261 693 335">
     <span class='ocr_line' id='line_1_1' title="bbox 310 261 693 335; baseline 0.029 -12"><span class='ocrx_word' id='word_1_1' title='bbox 310 278 512 326; x_wconf 75' lang='lat' dir='ltr'><em>clautuuse</em></span> <span class='ocrx_word' id='word_1_2' title='bbox 546 284 616 331; x_wconf 78' lang='lat' dir='ltr'><em>ms.</em></span> <span class='ocrx_word' id='word_1_3' title='bbox 648 261 693 335; x_wconf 82' lang='lat' dir='ltr'><em>Il.</em></span> 
     </span>
    </p>
   </div>
   <div class='ocr_carea' id='block_1_2' title="bbox 49 354 1024 1877">
    <p class='ocr_par' dir='ltr' id='par_1_2' title="bbox 49 354 1024 1877">
     <span class='ocr_line' id='line_1_2' title="bbox 51 354 737 436; baseline 0.015 -24"><span class='ocrx_word' id='word_1_4' title='bbox 51 428 58 435; x_wconf 23' lang='grc' dir='ltr'><strong>ῃ</strong></span> <span class='ocrx_word' id='word_1_5' title='bbox 90 354 236 431; x_wconf 64' lang='lat' dir='ltr'><em>Vinclaque</em></span> <span class='ocrx_word' id='word_1_6' title='bbox 254 366 363 431; x_wconf 87' lang='lat' dir='ltr'><em>captiua</em></span> <span class='ocrx_word' id='word_1_7' title='bbox 382 381 459 433; x_wconf 78' lang='lat' dir='ltr'><em>reges</em></span> <span class='ocrx_word' id='word_1_8' title='bbox 477 368 579 419; x_wconf 76' lang='lat' dir='ltr'><em>cemice</em></span> <span class='ocrx_word' id='word_1_9' title='bbox 595 365 737 436; x_wconf 62' lang='lat' dir='ltr'><em>gerentes,-</em></span> 
     </span>
     <span class='ocr_line' id='line_1_3' title="bbox 119 430 685 505; baseline 0.014 -24"><span class='ocrx_word' id='word_1_10' title='bbox 119 430 186 481; x_wconf 78' lang='lat' dir='ltr'><em>Ante</em></span> <span class='ocrx_word' id='word_1_11' title='bbox 204 444 346 483; x_wconf 86' lang='lat' dir='ltr'><em>coronatos</em></span> <span class='ocrx_word' id='word_1_12' title='bbox 362 434 405 484; x_wconf 82' lang='lat' dir='ltr'><em>ire</em></span> <span class='ocrx_word' id='word_1_13' title='bbox 425 436 527 485; x_wconf 76' lang='lat' dir='ltr'><em>videbit</em></span> <span class='ocrx_word' id='word_1_14' title='bbox 543 455 638 505; x_wconf 77' lang='lat' dir='ltr'><em>equos:</em></span> <span class='ocrx_word' id='word_1_15' title='bbox 683 469 685 475; x_wconf 94' lang='lat'><em>·</em></span> 
     </span>
     <span class='ocr_line' id='line_1_4' title="bbox 84 496 732 573; baseline 0.014 -24"><span class='ocrx_word' id='word_1_16' title='bbox 84 496 120 549; x_wconf 73' lang='lat' dir='ltr'><em>Et</em></span> <span class='ocrx_word' id='word_1_17' title='bbox 139 513 229 549; x_wconf 84' lang='lat' dir='ltr'><em>cernet</em></span> <span class='ocrx_word' id='word_1_18' title='bbox 244 501 415 553; x_wconf 62' lang='lat' dir='ltr'><em>valenceliis</em></span> <span class='ocrx_word' id='word_1_19' title='bbox 432 520 481 570; x_wconf 90' lang='lat' dir='ltr'><em>pro</em></span> <span class='ocrx_word' id='word_1_20' title='bbox 501 517 616 571; x_wconf 85' lang='lat' dir='ltr'><em>tempore</em></span> <span class='ocrx_word' id='word_1_21' title='bbox 633 521 732 573; x_wconf 73' lang='lat' dir='ltr'><em>uersos,</em></span> 
     </span>
     <span class='ocr_line' id='line_1_5' title="bbox 51 566 673 643; baseline 0.014 -26"><span class='ocrx_word' id='word_1_22' title='bbox 51 620 56 627; x_wconf 67' lang='grc'><strong>,</strong></span> <span class='ocrx_word' id='word_1_23' title='bbox 115 566 275 620; x_wconf 76' lang='lat' dir='ltr'>Terribiles</span> <span class='ocrx_word' id='word_1_24' title='bbox 294 569 359 623; x_wconf 82' lang='lat' dir='ltr'><em>aliis</em></span> <span class='ocrx_word' id='word_1_25' title='bbox 377 571 593 643; x_wconf 80' lang='lat' dir='ltr'><em>immemoresque</em></span> <span class='ocrx_word' id='word_1_26' title='bbox 612 576 673 626; x_wconf 83' lang='lat' dir='ltr'><em>sui:</em></span> 
     </span>
     <span class='ocr_line' id='line_1_6' title="bbox 57 649 122 687; baseline -0.031 -1"><span class='ocrx_word' id='word_1_27' title='bbox 57 649 122 687; x_wconf 72' lang='lat' dir='ltr'><em>mo!</em></span> 
     </span>
     <span class='ocr_line' id='line_1_7' title="bbox 79 674 793 778; baseline 0.008 -23"><span class='ocrx_word' id='word_1_28' title='bbox 79 674 134 755; x_wconf 70' lang='lat' dir='ltr'><em>flii</em></span> <span class='ocrx_word' id='word_1_29' title='bbox 150 705 198 771; x_wconf 79' lang='lat' dir='ltr'><em>qui</em></span> <span class='ocrx_word' id='word_1_30' title='bbox 216 723 287 756; x_wconf 89' lang='lat' dir='ltr'><em>nunc</em></span> <span class='ocrx_word' id='word_1_31' title='bbox 303 708 334 758; x_wconf 86' lang='lat' dir='ltr'><em>in</em></span> <span class='ocrx_word' id='word_1_32' title='bbox 349 706 429 760; x_wconf 85' lang='lat' dir='ltr'><em>ltumo</em></span> <span class='ocrx_word' id='word_1_33' title='bbox 447 709 537 761; x_wconf 89' lang='lat' dir='ltr'><em>lumen</em></span> <span class='ocrx_word' id='word_1_34' title='bbox 554 708 705 761; x_wconf 73' lang='lat' dir='ltr'><em>miserabile</em></span> <span class='ocrx_word' id='word_1_35' title='bbox 714 706 793 778; x_wconf 75' lang='lat' dir='ltr'><em>figit,</em></span> 
     </span>
     <span class='ocr_line' id='line_1_8' title="bbox 87 769 974 844; baseline 0.016 -23"><span class='ocrx_word' id='word_1_36' title='bbox 87 802 90 807; x_wconf 94' lang='lat'>·</span> <span class='ocrx_word' id='word_1_37' title='bbox 113 769 181 822; x_wconf 84' lang='lat' dir='ltr'><em>Non</em></span> <span class='ocrx_word' id='word_1_38' title='bbox 198 774 250 824; x_wconf 89' lang='lat' dir='ltr'><em>isto</em></span> <span class='ocrx_word' id='word_1_39' title='bbox 267 775 352 842; x_wconf 84' lang='lat' dir='ltr'><em>uultu,</em></span> <span class='ocrx_word' id='word_1_40' title='bbox 371 789 431 827; x_wconf 82' lang='lat' dir='ltr'><em>cum</em></span> <span class='ocrx_word' id='word_1_41' title='bbox 447 780 510 829; x_wconf 89' lang='lat' dir='ltr'><em>tulit</em></span> <span class='ocrx_word' id='word_1_42' title='bbox 528 796 612 843; x_wconf 84' lang='lat' dir='ltr'><em>orma,</em></span> <span class='ocrx_word' id='word_1_43' title='bbox 625 778 703 844; x_wconf 88' lang='lat' dir='ltr'><em>fuit:</em></span> <span class='ocrx_word' id='word_1_44' title='bbox 970 824 974 835; x_wconf 93' lang='lat'><em>.</em></span> 
     </span>
     <span class='ocr_line' id='line_1_9' title="bbox 81 834 1024 915; baseline 0.012 -24"><span class='ocrx_word' id='word_1_45' title='bbox 81 834 133 891; x_wconf 77' lang='lat' dir='ltr'><em>ltu</em></span> <span class='ocrx_word' id='word_1_46' title='bbox 142 839 236 907; x_wconf 77' lang='lat' dir='ltr'><em>ferox,</em></span> <span class='ocrx_word' id='word_1_47' title='bbox 256 842 346 896; x_wconf 81' lang='lat' dir='ltr'><em>oculis</em></span> <span class='ocrx_word' id='word_1_48' title='bbox 363 857 389 895; x_wconf 84' lang='lat' dir='ltr'><em>et</em></span> <span class='ocrx_word' id='word_1_49' title='bbox 408 845 496 897; x_wconf 81' lang='lat' dir='ltr'><em>adhue</em></span> <span class='ocrx_word' id='word_1_50' title='bbox 512 845 656 897; x_wconf 79' lang='lat' dir='ltr'><em>hostilibus</em></span> <span class='ocrx_word' id='word_1_51' title='bbox 673 844 784 914; x_wconf 76' lang='lat' dir='ltr'><em>ardeus,</em></span> <span class='ocrx_word' id='word_1_52' title='bbox 1020 885 1024 915; x_wconf 81' lang='lat'><em>,</em></span> 
     </span>
     <span class='ocr_line' id='line_1_10' title="bbox 113 906 911 983; baseline 0.014 -25"><span class='ocrx_word' id='word_1_53' title='bbox 113 906 246 960; x_wconf 75' lang='lat' dir='ltr'><em>Hortatur</em></span> <span class='ocrx_word' id='word_1_54' title='bbox 260 928 366 979; x_wconf 81' lang='lat' dir='ltr'><em>pugnae</em></span> <span class='ocrx_word' id='word_1_55' title='bbox 383 916 572 983; x_wconf 81' lang='lat' dir='ltr'><em>consiliumque</em></span> <span class='ocrx_word' id='word_1_56' title='bbox 581 913 650 979; x_wconf 86' lang='lat' dir='ltr'><em>suit.</em></span> <span class='ocrx_word' id='word_1_57' title='bbox 908 964 911 969; x_wconf 94' lang='lat'>.</span> 
     </span>
     <span class='ocr_line' id='line_1_11' title="bbox 49 979 969 1054; baseline 0.009 -27"><span class='ocrx_word' id='word_1_58' title='bbox 49 990 72 1027; x_wconf 86' lang='lat' dir='ltr'><em>ut</em></span> <span class='ocrx_word' id='word_1_59' title='bbox 85 982 183 1029; x_wconf 80' lang='lat' dir='ltr'><em>temen</em></span> <span class='ocrx_word' id='word_1_60' title='bbox 202 994 301 1033; x_wconf 86' lang='lat' dir='ltr'><em>omnes</em></span> <span class='ocrx_word' id='word_1_61' title='bbox 317 982 433 1032; x_wconf 80' lang='lat' dir='ltr'><em>minanti</em></span> <span class='ocrx_word' id='word_1_62' title='bbox 449 990 510 1033; x_wconf 86' lang='lat' dir='ltr'><em>tum</em></span> <span class='ocrx_word' id='word_1_63' title='bbox 527 980 608 1035; x_wconf 79' lang='lat' dir='ltr'><em>vultu</em></span> <span class='ocrx_word' id='word_1_64' title='bbox 626 990 723 1045; x_wconf 80' lang='lat' dir='ltr'><em>erant,</em></span> <span class='ocrx_word' id='word_1_65' title='bbox 744 979 822 1054; x_wconf 73' lang='lat' dir='ltr'><em>quod</em></span> <span class='ocrx_word' id='word_1_66' title='bbox 840 979 889 1033; x_wconf 85' lang='lat' dir='ltr'><em>hio</em></span> <span class='ocrx_word' id='word_1_67' title='bbox 908 982 969 1052; x_wconf 80' lang='lat' dir='ltr'><em>ipse</em></span> 
     </span>
     <span class='ocr_line' id='line_1_12' title="bbox 49 1045 966 1121; baseline 0.009 -26"><span class='ocrx_word' id='word_1_68' title='bbox 49 1045 126 1096; x_wconf 77' lang='lat' dir='ltr'><em>nouis</em></span> <span class='ocrx_word' id='word_1_69' title='bbox 145 1046 224 1097; x_wconf 83' lang='lat' dir='ltr'><em>locus</em></span> <span class='ocrx_word' id='word_1_70' title='bbox 243 1048 309 1100; x_wconf 81' lang='lat' dir='ltr'><em>sutis</em></span> <span class='ocrx_word' id='word_1_71' title='bbox 325 1049 449 1104; x_wconf 82' lang='lat' dir='ltr'><em>indicat:</em></span> <span class='ocrx_word' id='word_1_72' title='bbox 473 1050 532 1102; x_wconf 88' lang='lat' dir='ltr'><em>imo</em></span> <span class='ocrx_word' id='word_1_73' title='bbox 551 1050 648 1121; x_wconf 86' lang='lat' dir='ltr'><em>plures</em></span> <span class='ocrx_word' id='word_1_74' title='bbox 665 1052 777 1107; x_wconf 80' lang='lat' dir='ltr'><em>deiecto</em></span> <span class='ocrx_word' id='word_1_75' title='bbox 794 1058 824 1105; x_wconf 89' lang='lat' dir='ltr'><em>et</em></span> <span class='ocrx_word' id='word_1_76' title='bbox 841 1048 966 1120; x_wconf 68' lang='lat' dir='ltr'><em>lugubri.</em></span> 
     </span>
     <span class='ocr_line' id='line_1_13' title="bbox 49 1112 659 1189; baseline 0.015 -24"><span class='ocrx_word' id='word_1_77' title='bbox 49 1118 119 1165; x_wconf 81' lang='lat' dir='ltr'><em>ictor</em></span> <span class='ocrx_word' id='word_1_78' title='bbox 135 1112 255 1183; x_wconf 76' lang='lat' dir='ltr'><em>Elegiae</em></span> <span class='ocrx_word' id='word_1_79' title='bbox 274 1114 308 1167; x_wconf 84' lang='lat' dir='ltr'><em>de</em></span> <span class='ocrx_word' id='word_1_80' title='bbox 325 1124 419 1170; x_wconf 83' lang='lat' dir='ltr'><em>morte</em></span> <span class='ocrx_word' id='word_1_81' title='bbox 436 1118 524 1171; x_wconf 81' lang='lat' dir='ltr'><em>Drusi</em></span> <span class='ocrx_word' id='word_1_82' title='bbox 543 1137 569 1173; x_wconf 78' lang='lat' dir='ltr'><em>r.</em></span> <span class='ocrx_word' id='word_1_83' title='bbox 588 1136 659 1189; x_wconf 67' lang='lat'>573..</span> 
     </span>
     <span class='ocr_line' id='line_1_14' title="bbox 76 1182 690 1251; baseline 0.011 -20"><span class='ocrx_word' id='word_1_84' title='bbox 76 1182 232 1249; x_wconf 65' lang='lat' dir='ltr'><em>Auspicium</em></span> <span class='ocrx_word' id='word_1_85' title='bbox 249 1202 341 1251; x_wconf 71' lang='lat' dir='ltr'><em>regum</em></span> <span class='ocrx_word' id='word_1_86' title='bbox 360 1187 473 1237; x_wconf 88' lang='lat' dir='ltr'><em>liventia</em></span> <span class='ocrx_word' id='word_1_87' title='bbox 492 1188 562 1239; x_wconf 87' lang='lat' dir='ltr'><em>eolla</em></span> <span class='ocrx_word' id='word_1_88' title='bbox 582 1189 690 1251; x_wconf 68' lang='lat' dir='ltr'><em>eatenis,</em></span> 
     </span>
     <span class='ocr_line' id='line_1_15' title="bbox 108 1250 759 1320; baseline 0.009 -20"><span class='ocrx_word' id='word_1_89' title='bbox 108 1250 239 1318; x_wconf 86' lang='lat' dir='ltr'><em>Duraque</em></span> <span class='ocrx_word' id='word_1_90' title='bbox 254 1271 303 1320; x_wconf 89' lang='lat' dir='ltr'><em>per</em></span> <span class='ocrx_word' id='word_1_91' title='bbox 320 1268 422 1305; x_wconf 85' lang='lat' dir='ltr'><em>saevas·</em></span> <span class='ocrx_word' id='word_1_92' title='bbox 433 1254 544 1305; x_wconf 85' lang='lat' dir='ltr'><em>uinculo</em></span> <span class='ocrx_word' id='word_1_93' title='bbox 559 1272 628 1305; x_wconf 69' lang='lat' dir='ltr'><em>nesta</em></span> <span class='ocrx_word' id='word_1_94' title='bbox 645 1271 759 1309; x_wconf 78' lang='lat' dir='ltr'><em>marrus:</em></span> 
     </span>
     <span class='ocr_line' id='line_1_16' title="bbox 74 1318 839 1392; baseline 0.008 -23"><span class='ocrx_word' id='word_1_95' title='bbox 74 1318 237 1369; x_wconf 70' lang='lat' dir='ltr'><em>titanum</em></span> <span class='ocrx_word' id='word_1_96' title='bbox 255 1322 380 1391; x_wconf 81' lang='lat' dir='ltr'><em>trepidos</em></span> <span class='ocrx_word' id='word_1_97' title='bbox 398 1322 502 1389; x_wconf 82' lang='lat' dir='ltr'><em>vultus,</em></span> <span class='ocrx_word' id='word_1_98' title='bbox 521 1324 601 1392; x_wconf 78' lang='lat' dir='ltr'><em>inaue</em></span> <span class='ocrx_word' id='word_1_99' title='bbox 611 1324 668 1381; x_wconf 80' lang='lat' dir='ltr'><em>,illa</em></span> <span class='ocrx_word' id='word_1_100' title='bbox 683 1324 816 1379; x_wconf 81' lang='lat' dir='ltr'><em>ferocum</em></span> <span class='ocrx_word' id='word_1_101' title='bbox 833 1328 839 1337; x_wconf 94' lang='lat'>&#39;</span> 
     </span>
     <span class='ocr_line' id='line_1_17' title="bbox 62 1388 876 1458; baseline 0.012 -23"><span class='ocrx_word' id='word_1_102' title='bbox 62 1412 67 1429; x_wconf 92' lang='lat'><em>·.</em></span> <span class='ocrx_word' id='word_1_103' title='bbox 109 1388 211 1437; x_wconf 78' lang='lat' dir='ltr'><em>Invitis</em></span> <span class='ocrx_word' id='word_1_104' title='bbox 226 1388 352 1442; x_wconf 73' lang='lat' dir='ltr'><em>lacrimas</em></span> <span class='ocrx_word' id='word_1_105' title='bbox 370 1388 491 1442; x_wconf 79' lang='lat' dir='ltr'><em>decidere</em></span> <span class='ocrx_word' id='word_1_106' title='bbox 508 1408 556 1441; x_wconf 86' lang='lat' dir='ltr'><em>ora</em></span> <span class='ocrx_word' id='word_1_107' title='bbox 571 1394 657 1458; x_wconf 81' lang='lat' dir='ltr'><em>genis.</em></span> <span class='ocrx_word' id='word_1_108' title='bbox 698 1390 702 1395; x_wconf 75' lang='grc'><strong>’</strong></span> <span class='ocrx_word' id='word_1_109' title='bbox 873 1426 876 1431; x_wconf 94' lang='grc'>-</span> 
     </span>
     <span class='ocr_line' id='line_1_18' title="bbox 49 1418 965 1533; baseline 0.001 -27"><span class='ocrx_word' id='word_1_110' title='bbox 49 1418 104 1506; x_wconf 49' lang='lat' dir='ltr'><em>fite</em></span> <span class='ocrx_word' id='word_1_111' title='bbox 120 1452 225 1506; x_wconf 84' lang='lat' dir='ltr'><em>melius</em></span> <span class='ocrx_word' id='word_1_112' title='bbox 242 1465 296 1522; x_wconf 86' lang='lat' dir='ltr'><em>est,</em></span> <span class='ocrx_word' id='word_1_113' title='bbox 326 1460 478 1511; x_wconf 86' lang='lat' dir='ltr'><em>ut·Noster</em></span> <span class='ocrx_word' id='word_1_114' title='bbox 495 1458 607 1533; x_wconf 63' lang='lat' dir='ltr'><em>dixerit,</em></span> <span class='ocrx_word' id='word_1_115' title='bbox 615 1453 781 1523; x_wconf 74' lang='lat' dir='ltr'><em>Minicium,</em></span> <span class='ocrx_word' id='word_1_116' title='bbox 810 1455 887 1511; x_wconf 81' lang='lat' dir='ltr'><em>elcut</em></span> <span class='ocrx_word' id='word_1_117' title='bbox 911 1452 965 1507; x_wconf 83' lang='lat' dir='ltr'><em>ille</em></span> 
     </span>
     <span class='ocr_line' id='line_1_19' title="bbox 49 1521 963 1597; baseline 0.009 -24"><span class='ocrx_word' id='word_1_118' title='bbox 49 1536 81 1573; x_wconf 64' lang='lat' dir='ltr'><em>nr</em></span> <span class='ocrx_word' id='word_1_119' title='bbox 93 1521 237 1589; x_wconf 69' lang='lat' dir='ltr'><em>ferocum:</em></span> <span class='ocrx_word' id='word_1_120' title='bbox 261 1525 372 1578; x_wconf 83' lang='lat' dir='ltr'><em>scilicet</em></span> <span class='ocrx_word' id='word_1_121' title='bbox 393 1529 444 1597; x_wconf 84' lang='lat' dir='ltr'><em>qui</em></span> <span class='ocrx_word' id='word_1_122' title='bbox 465 1526 561 1595; x_wconf 89' lang='lat' dir='ltr'><em>paullo</em></span> <span class='ocrx_word' id='word_1_123' title='bbox 584 1543 647 1583; x_wconf 83' lang='lat' dir='ltr'><em>unte</em></span> <span class='ocrx_word' id='word_1_124' title='bbox 661 1530 789 1583; x_wconf 73' lang='lat' dir='ltr'><em>minacet</em></span> <span class='ocrx_word' id='word_1_125' title='bbox 806 1532 836 1579; x_wconf 78' lang='lat' dir='ltr'><em>el</em></span> <span class='ocrx_word' id='word_1_126' title='bbox 851 1522 963 1577; x_wconf 60' lang='lat' dir='ltr'><em>sercou</em></span> 
     </span>
     <span class='ocr_line' id='line_1_20' title="bbox 49 1592 995 1665; baseline 0.011 -22"><span class='ocrx_word' id='word_1_127' title='bbox 49 1600 96 1643; x_wconf 81' lang='lat' dir='ltr'><em>tut.</em></span> <span class='ocrx_word' id='word_1_128' title='bbox 131 1592 235 1643; x_wconf 81' lang='lat' dir='ltr'><em>Noster</em></span> <span class='ocrx_word' id='word_1_129' title='bbox 252 1594 330 1661; x_wconf 80' lang='lat' dir='ltr'><em>aliisi,</em></span> <span class='ocrx_word' id='word_1_130' title='bbox 350 1595 444 1647; x_wconf 84' lang='lat' dir='ltr'><em>Germ.</em></span> <span class='ocrx_word' id='word_1_131' title='bbox 464 1597 501 1663; x_wconf 93' lang='lat' dir='ltr'><em>Il,</em></span> <span class='ocrx_word' id='word_1_132' title='bbox 520 1613 547 1665; x_wconf 83' lang='lat'><em>7.</em></span> <span class='ocrx_word' id='word_1_133' title='bbox 990 1598 995 1607; x_wconf 80' lang='grc'>’</span> 
     </span>
     <span class='ocr_line' id='line_1_21' title="bbox 75 1658 704 1726; baseline 0.011 -17"><span class='ocrx_word' id='word_1_134' title='bbox 75 1658 142 1709; x_wconf 78' lang='lat' dir='ltr'><em>Cum</em></span> <span class='ocrx_word' id='word_1_135' title='bbox 150 1659 357 1726; x_wconf 69' lang='lat' dir='ltr'><em>fractaioirtus,</em></span> <span class='ocrx_word' id='word_1_136' title='bbox 376 1676 402 1713; x_wconf 88' lang='lat' dir='ltr'><em>et</em></span> <span class='ocrx_word' id='word_1_137' title='bbox 420 1662 548 1717; x_wconf 76' lang='lat' dir='ltr'><em>minaces</em></span> <span class='ocrx_word' id='word_1_138' title='bbox 625 1694 643 1715; x_wconf 71' lang='lat'><em>=··</em></span> <span class='ocrx_word' id='word_1_139' title='bbox 676 1702 679 1707; x_wconf 90' lang='lat'>-</span> <span class='ocrx_word' id='word_1_140' title='bbox 700 1664 704 1669; x_wconf 81' lang='lat'>&#39;</span> 
     </span>
     <span class='ocr_line' id='line_1_22' title="bbox 79 1726 923 1797; baseline 0.012 -20"><span class='ocrx_word' id='word_1_141' title='bbox 79 1726 166 1795; x_wconf 83' lang='lat' dir='ltr'><em>Turpe</em></span> <span class='ocrx_word' id='word_1_142' title='bbox 182 1729 270 1779; x_wconf 88' lang='lat' dir='ltr'><em>solum</em></span> <span class='ocrx_word' id='word_1_143' title='bbox 288 1732 398 1797; x_wconf 79' lang='lat' dir='ltr'><em>tetigere</em></span> <span class='ocrx_word' id='word_1_144' title='bbox 416 1744 520 1785; x_wconf 89' lang='lat' dir='ltr'><em>mento..</em></span> <span class='ocrx_word' id='word_1_145' title='bbox 917 1756 923 1765; x_wconf 93' lang='lat'>·</span> 
     </span>
     <span class='ocr_line' id='line_1_23' title="bbox 49 1792 963 1877; baseline 0.007 -32"><span class='ocrx_word' id='word_1_146' title='bbox 49 1792 114 1875; x_wconf 44' lang='lat' dir='ltr'><em>lle,</em></span> <span class='ocrx_word' id='word_1_147' title='bbox 128 1794 206 1865; x_wconf 85' lang='lat' dir='ltr'><em>quod</em></span> <span class='ocrx_word' id='word_1_148' title='bbox 230 1800 375 1849; x_wconf 72' lang='lat' dir='ltr'><em>tninacium</em></span> <span class='ocrx_word' id='word_1_149' title='bbox 392 1806 526 1877; x_wconf 69' lang='lat' dir='ltr'><em>utrosque</em></span> <span class='ocrx_word' id='word_1_150' title='bbox 544 1808 623 1865; x_wconf 74' lang='lat' dir='ltr'><em>seges</em></span> <span class='ocrx_word' id='word_1_151' title='bbox 642 1797 873 1869; x_wconf 71' lang='lat' dir='ltr'><em>comprehendit,</em></span> <span class='ocrx_word' id='word_1_152' title='bbox 901 1805 963 1853; x_wconf 74' lang='lat' dir='ltr'><em>tem</em></span> 
     </span>
    </p>
   </div>
   <div class='ocr_carea' id='block_1_3' title="bbox 49 1862 965 2001">
    <p class='ocr_par' dir='ltr' id='par_1_3' title="bbox 49 1862 965 2001">
     <span class='ocr_line' id='line_1_24' title="bbox 49 1862 965 1984; baseline 0.005 -70"><span class='ocrx_word' id='word_1_153' title='bbox 49 1862 233 1984; x_wconf 62' lang='lat' dir='ltr'><em>tqtulppullo</em></span> <span class='ocrx_word' id='word_1_154' title='bbox 250 1874 331 1935; x_wconf 80' lang='lat' dir='ltr'><em>ante,</em></span> <span class='ocrx_word' id='word_1_155' title='bbox 351 1882 438 1937; x_wconf 84' lang='lat' dir='ltr'><em>quam</em></span> <span class='ocrx_word' id='word_1_156' title='bbox 454 1881 505 1936; x_wconf 83' lang='lat' dir='ltr'><em>qui</em></span> <span class='ocrx_word' id='word_1_157' title='bbox 521 1865 580 1919; x_wconf 84' lang='lat' dir='ltr'><em>iam</em></span> <span class='ocrx_word' id='word_1_158' title='bbox 597 1864 691 1919; x_wconf 74' lang='lat' dir='ltr'><em>adhuc</em></span> <span class='ocrx_word' id='word_1_159' title='bbox 706 1868 906 1935; x_wconf 65' lang='lat' dir='ltr'><em>minabantur,</em></span> <span class='ocrx_word' id='word_1_160' title='bbox 930 1873 965 1919; x_wconf 88' lang='lat' dir='ltr'><em>ut</em></span> 
     </span>
     <span class='ocr_line' id='line_1_25' title="bbox 50 1947 459 2001; baseline -0.002 -17"><span class='ocrx_word' id='word_1_161' title='bbox 50 1947 100 1985; x_wconf 87' lang='lat' dir='ltr'><em>rm.</em></span> <span class='ocrx_word' id='word_1_162' title='bbox 164 1973 172 2001; x_wconf 91' lang='lat'><em>‚</em></span> <span class='ocrx_word' id='word_1_163' title='bbox 191 1949 217 1999; x_wconf 80' lang='lat'><em>4.</em></span> <span class='ocrx_word' id='word_1_164' title='bbox 455 1972 459 1983; x_wconf 90' lang='lat'>.</span> 
     </span>
    </p>
   </div>
   <div class='ocr_carea' id='block_1_4' title="bbox 49 1999 1001 3714">
    <p class='ocr_par' dir='ltr' id='par_1_4' title="bbox 49 1999 1001 3714">
     <span class='ocr_line' id='line_1_26' title="bbox 73 1999 636 2069; baseline -0.002 -18"><span class='ocrx_word' id='word_1_165' title='bbox 73 2001 125 2051; x_wconf 77' lang='lat' dir='ltr'><em>Aut</em></span> <span class='ocrx_word' id='word_1_166' title='bbox 143 2003 207 2069; x_wconf 78' lang='lat' dir='ltr'><em>quid</em></span> <span class='ocrx_word' id='word_1_167' title='bbox 226 1999 336 2053; x_wconf 84' lang='lat' dir='ltr'><em>minaei</em></span> <span class='ocrx_word' id='word_1_168' title='bbox 355 2002 393 2052; x_wconf 90' lang='lat' dir='ltr'><em>Po</em></span> <span class='ocrx_word' id='word_1_169' title='bbox 427 2000 445 2051; x_wconf 85' lang='grc' dir='ltr'><em>Ιι</em></span> <span class='ocrx_word' id='word_1_170' title='bbox 465 2001 526 2051; x_wconf 76' lang='lat' dir='ltr'><em>tion</em></span> <span class='ocrx_word' id='word_1_171' title='bbox 541 2000 636 2051; x_wconf 78' lang='lat' dir='ltr'><em>statu?</em></span> 
     </span>
     <span class='ocr_line' id='line_1_27' title="bbox 49 2019 992 2138; baseline 0.003 -20"><span class='ocrx_word' id='word_1_172' title='bbox 49 2084 82 2137; x_wconf 61' lang='grc' dir='ltr'><em>ις.</em></span> <span class='ocrx_word' id='word_1_173' title='bbox 101 2068 150 2121; x_wconf 90' lang='lat' dir='ltr'><em>Me</em></span> <span class='ocrx_word' id='word_1_174' title='bbox 169 2071 260 2121; x_wconf 82' lang='lat' dir='ltr'><em>duleas</em></span> <span class='ocrx_word' id='word_1_175' title='bbox 279 2072 402 2121; x_wconf 84' lang='lat' dir='ltr'><em>dominae</em></span> <span class='ocrx_word' id='word_1_176' title='bbox 420 2019 506 2119; x_wconf 59' lang='lat' dir='ltr'><em>Missa</em></span> <span class='ocrx_word' id='word_1_177' title='bbox 523 2068 690 2138; x_wconf 84' lang='lat' dir='ltr'><em>Licymniae]</em></span> <span class='ocrx_word' id='word_1_178' title='bbox 708 2069 896 2124; x_wconf 79' lang='lat' dir='ltr'><em>Membranee</em></span> <span class='ocrx_word' id='word_1_179' title='bbox 909 2068 963 2123; x_wconf 72' lang='lat' dir='ltr'><em>eli·</em></span> <span class='ocrx_word' id='word_1_180' title='bbox 987 2110 992 2121; x_wconf 90' lang='grc'>.</span> 
     </span>
     <span class='ocr_line' id='line_1_28' title="bbox 49 2137 962 2208; baseline 0.003 -21"><span class='ocrx_word' id='word_1_181' title='bbox 49 2146 75 2187; x_wconf 89' lang='lat' dir='ltr'><em>ot</em></span> <span class='ocrx_word' id='word_1_182' title='bbox 92 2146 121 2187; x_wconf 86' lang='lat' dir='ltr'><em>et</em></span> <span class='ocrx_word' id='word_1_183' title='bbox 140 2138 306 2207; x_wconf 82' lang='lat' dir='ltr'><em>praesertim</em></span> <span class='ocrx_word' id='word_1_184' title='bbox 323 2138 511 2204; x_wconf 78' lang='lat' dir='ltr'><em>recentiores,</em></span> <span class='ocrx_word' id='word_1_185' title='bbox 530 2137 672 2199; x_wconf 82' lang='lat' dir='ltr'><em>Liciniae,·</em></span> <span class='ocrx_word' id='word_1_186' title='bbox 699 2146 777 2208; x_wconf 79' lang='lat' dir='ltr'><em>quod</em></span> <span class='ocrx_word' id='word_1_187' title='bbox 796 2140 906 2193; x_wconf 88' lang='lat' dir='ltr'><em>nollem</em></span> <span class='ocrx_word' id='word_1_188' title='bbox 925 2138 962 2191; x_wconf 82' lang='lat' dir='ltr'><em>ab</em></span> 
     </span>
     <span class='ocr_line' id='line_1_29' title="bbox 49 2202 962 2276; baseline 0.007 -23"><span class='ocrx_word' id='word_1_189' title='bbox 49 2202 161 2259; x_wconf 83' lang='lat' dir='ltr'><em>itoribus</em></span> <span class='ocrx_word' id='word_1_190' title='bbox 185 2209 300 2276; x_wconf 85' lang='lat' dir='ltr'><em>nuperis</em></span> <span class='ocrx_word' id='word_1_191' title='bbox 325 2216 488 2276; x_wconf 84' lang='lat' dir='ltr'><em>receptum,</em></span> <span class='ocrx_word' id='word_1_192' title='bbox 521 2222 590 2259; x_wconf 87' lang='lat' dir='ltr'><em>cum</em></span> <span class='ocrx_word' id='word_1_193' title='bbox 617 2206 649 2257; x_wconf 90' lang='lat' dir='ltr'><em>in</em></span> <span class='ocrx_word' id='word_1_194' title='bbox 676 2224 771 2259; x_wconf 83' lang='lat' dir='ltr'><em>versus</em></span> <span class='ocrx_word' id='word_1_195' title='bbox 799 2218 962 2261; x_wconf 83' lang='lat' dir='ltr'><em>mensuram</em></span> 
     </span>
     <span class='ocr_line' id='line_1_30' title="bbox 49 2274 959 2344; baseline 0.002 -19"><span class='ocrx_word' id='word_1_196' title='bbox 49 2283 110 2341; x_wconf 75' lang='lat' dir='ltr'><em>ecee,</em></span> <span class='ocrx_word' id='word_1_197' title='bbox 128 2274 238 2342; x_wconf 79' lang='lat' dir='ltr'><em>syllaba</em></span> <span class='ocrx_word' id='word_1_198' title='bbox 255 2276 378 2327; x_wconf 84' lang='lat' dir='ltr'><em>secunda</em></span> <span class='ocrx_word' id='word_1_199' title='bbox 394 2275 494 2340; x_wconf 63' lang='lat' dir='ltr'><em>brevi,</em></span> <span class='ocrx_word' id='word_1_200' title='bbox 510 2284 541 2326; x_wconf 90' lang='lat' dir='ltr'><em>ut</em></span> <span class='ocrx_word' id='word_1_201' title='bbox 561 2274 658 2344; x_wconf 86' lang='lat' dir='ltr'><em>paullo</em></span> <span class='ocrx_word' id='word_1_202' title='bbox 676 2284 742 2329; x_wconf 86' lang='lat' dir='ltr'><em>aute</em></span> <span class='ocrx_word' id='word_1_203' title='bbox 760 2276 856 2331; x_wconf 78' lang='lat' dir='ltr'><em>Germ.</em></span> <span class='ocrx_word' id='word_1_204' title='bbox 874 2276 911 2331; x_wconf 81' lang='lat' dir='ltr'><em>X.</em></span> <span class='ocrx_word' id='word_1_205' title='bbox 956 2322 959 2327; x_wconf 94' lang='lat'>.</span> 
     </span>
     <span class='ocr_line' id='line_1_31' title="bbox 72 2342 620 2412; baseline 0.004 -20"><span class='ocrx_word' id='word_1_206' title='bbox 72 2342 183 2393; x_wconf 83' lang='lat' dir='ltr'><em>Rectius</em></span> <span class='ocrx_word' id='word_1_207' title='bbox 201 2346 284 2408; x_wconf 85' lang='lat' dir='ltr'><em>vives,</em></span> <span class='ocrx_word' id='word_1_208' title='bbox 302 2344 407 2412; x_wconf 84' lang='lat' dir='ltr'><em>Licini,</em></span> <span class='ocrx_word' id='word_1_209' title='bbox 426 2362 509 2411; x_wconf 80' lang='lat' dir='ltr'><em>neque</em></span> <span class='ocrx_word' id='word_1_210' title='bbox 528 2344 620 2395; x_wconf 87' lang='lat' dir='ltr'><em>altum.</em></span> 
     </span>
     <span class='ocr_line' id='line_1_32' title="bbox 49 2408 961 2483; baseline 0.001 -22"><span class='ocrx_word' id='word_1_211' title='bbox 49 2408 98 2463; x_wconf 74' lang='lat' dir='ltr'><em>[lex</em></span> <span class='ocrx_word' id='word_1_212' title='bbox 120 2412 231 2483; x_wconf 81' lang='lat' dir='ltr'><em>Regiae</em></span> <span class='ocrx_word' id='word_1_213' title='bbox 249 2412 409 2480; x_wconf 83' lang='lat' dir='ltr'><em>Societatis,</em></span> <span class='ocrx_word' id='word_1_214' title='bbox 440 2412 613 2472; x_wconf 58' lang='lat' dir='ltr'><em>Lusitaniam</em></span> <span class='ocrx_word' id='word_1_215' title='bbox 640 2412 691 2465; x_wconf 88' lang='lat' dir='ltr'><em>alii</em></span> <span class='ocrx_word' id='word_1_216' title='bbox 708 2412 883 2482; x_wconf 85' lang='lat' dir='ltr'><em>Lyoimniae:</em></span> <span class='ocrx_word' id='word_1_217' title='bbox 911 2409 961 2462; x_wconf 75' lang='lat' dir='ltr'><em>sed</em></span> 
     </span>
     <span class='ocr_line' id='line_1_33' title="bbox 49 2480 961 2549; baseline -0.001 -18"><span class='ocrx_word' id='word_1_218' title='bbox 49 2483 221 2532; x_wconf 81' lang='lat' dir='ltr'><em>lesteutiaree</em></span> <span class='ocrx_word' id='word_1_219' title='bbox 233 2480 397 2547; x_wconf 81' lang='lat' dir='ltr'><em>Licymniae,</em></span> <span class='ocrx_word' id='word_1_220' title='bbox 415 2489 447 2530; x_wconf 87' lang='lat' dir='ltr'><em>ut</em></span> <span class='ocrx_word' id='word_1_221' title='bbox 464 2481 540 2549; x_wconf 82' lang='lat' dir='ltr'><em>apud</em></span> <span class='ocrx_word' id='word_1_222' title='bbox 558 2480 720 2548; x_wconf 83' lang='lat' dir='ltr'><em>Virgilium,</em></span> <span class='ocrx_word' id='word_1_223' title='bbox 741 2485 810 2534; x_wconf 83' lang='lat' dir='ltr'><em>Aen.</em></span> <span class='ocrx_word' id='word_1_224' title='bbox 830 2481 879 2546; x_wconf 89' lang='lat' dir='ltr'><em>IX,</em></span> <span class='ocrx_word' id='word_1_225' title='bbox 899 2481 961 2547; x_wconf 87' lang='lat'><strong>546.</strong></span> 
     </span>
     <span class='ocr_line' id='line_1_34' title="bbox 69 2548 764 2616; baseline 0 -17"><span class='ocrx_word' id='word_1_226' title='bbox 69 2548 201 2600; x_wconf 84' lang='lat' dir='ltr'><em>Maeonio</em></span> <span class='ocrx_word' id='word_1_227' title='bbox 220 2549 289 2616; x_wconf 83' lang='lat' dir='ltr'><em>Regi</em></span> <span class='ocrx_word' id='word_1_228' title='bbox 306 2568 381 2616; x_wconf 84' lang='lat' dir='ltr'><em>quem</em></span> <span class='ocrx_word' id='word_1_229' title='bbox 398 2567 475 2599; x_wconf 85' lang='lat' dir='ltr'><em>serua</em></span> <span class='ocrx_word' id='word_1_230' title='bbox 495 2548 645 2616; x_wconf 77' lang='lat' dir='ltr'><em>Licymnia</em></span> <span class='ocrx_word' id='word_1_231' title='bbox 656 2548 764 2615; x_wconf 79' lang='lat' dir='ltr'><em>furtim.</em></span> 
     </span>
     <span class='ocr_line' id='line_1_35' title="bbox 49 2614 960 2684; baseline -0.007 -16"><span class='ocrx_word' id='word_1_232' title='bbox 49 2618 136 2684; x_wconf 76' lang='lat' dir='ltr'><em>.pari</em></span> <span class='ocrx_word' id='word_1_233' title='bbox 154 2616 324 2668; x_wconf 79' lang='lat' dir='ltr'><em>Lectionum</em></span> <span class='ocrx_word' id='word_1_234' title='bbox 342 2617 503 2681; x_wconf 82' lang='lat' dir='ltr'><em>diversitate</em></span> <span class='ocrx_word' id='word_1_235' title='bbox 521 2616 648 2667; x_wconf 87' lang='lat' dir='ltr'><em>Pieriani</em></span> <span class='ocrx_word' id='word_1_236' title='bbox 668 2617 789 2683; x_wconf 83' lang='lat' dir='ltr'><em>codices,</em></span> <span class='ocrx_word' id='word_1_237' title='bbox 808 2614 960 2682; x_wconf 58' lang='lat' dir='ltr'><em>laetania,</em></span> 
     </span>
     <span class='ocr_line' id='line_1_36' title="bbox 49 2681 961 2750; baseline -0.005 -14"><span class='ocrx_word' id='word_1_238' title='bbox 49 2686 145 2736; x_wconf 83' lang='lat' dir='ltr'><em>:imnia</em></span> <span class='ocrx_word' id='word_1_239' title='bbox 164 2694 193 2736; x_wconf 91' lang='lat' dir='ltr'><em>et</em></span> <span class='ocrx_word' id='word_1_240' title='bbox 211 2685 338 2735; x_wconf 76' lang='lat' dir='ltr'><em>Licinnia</em></span> <span class='ocrx_word' id='word_1_241' title='bbox 355 2684 534 2736; x_wconf 81' lang='lat' dir='ltr'><em>exhibebant.</em></span> <span class='ocrx_word' id='word_1_242' title='bbox 569 2681 721 2750; x_wconf 77' lang='grc' dir='ltr'><em>Λικύμνιος</em></span> <span class='ocrx_word' id='word_1_243' title='bbox 745 2693 846 2737; x_wconf 81' lang='lat' dir='ltr'><em>notum</em></span> <span class='ocrx_word' id='word_1_244' title='bbox 871 2683 961 2733; x_wconf 85' lang='lat' dir='ltr'><em>Grae·</em></span> 
     </span>
     <span class='ocr_line' id='line_1_37' title="bbox 56 2749 960 2825; baseline -0.003 -21"><span class='ocrx_word' id='word_1_245' title='bbox 56 2770 167 2805; x_wconf 84' lang='lat' dir='ltr'><em>nomen</em></span> <span class='ocrx_word' id='word_1_246' title='bbox 185 2754 261 2825; x_wconf 80' lang='lat' dir='ltr'><em>apud</em></span> <span class='ocrx_word' id='word_1_247' title='bbox 279 2754 442 2819; x_wconf 82' lang='lat' dir='ltr'><em>Homerum,</em></span> <span class='ocrx_word' id='word_1_248' title='bbox 460 2751 627 2818; x_wconf 79' lang='lat' dir='ltr'><em>Pindarum,</em></span> <span class='ocrx_word' id='word_1_249' title='bbox 647 2752 815 2804; x_wconf 81' lang='lat' dir='ltr'><em>Pausaniam</em></span> <span class='ocrx_word' id='word_1_250' title='bbox 833 2758 862 2802; x_wconf 86' lang='lat' dir='ltr'><em>et</em></span> <span class='ocrx_word' id='word_1_251' title='bbox 878 2749 960 2801; x_wconf 83' lang='lat' dir='ltr'><em>ulios.</em></span> 
     </span>
     <span class='ocr_line' id='line_1_38' title="bbox 49 2816 961 2890; baseline -0.007 -17"><span class='ocrx_word' id='word_1_252' title='bbox 49 2829 157 2873; x_wconf 79' lang='lat' dir='ltr'><em>nerum</em></span> <span class='ocrx_word' id='word_1_253' title='bbox 178 2820 213 2871; x_wconf 90' lang='lat' dir='ltr'><em>de</em></span> <span class='ocrx_word' id='word_1_254' title='bbox 236 2820 388 2890; x_wconf 77' lang='lat' dir='ltr'><em>Licymnia</em></span> <span class='ocrx_word' id='word_1_255' title='bbox 410 2823 464 2873; x_wconf 87' lang='lat' dir='ltr'><em>huo</em></span> <span class='ocrx_word' id='word_1_256' title='bbox 488 2820 609 2890; x_wconf 82' lang='lat' dir='ltr'><em>insignis</em></span> <span class='ocrx_word' id='word_1_257' title='bbox 633 2838 700 2873; x_wconf 85' lang='lat' dir='ltr'><em>sane</em></span> <span class='ocrx_word' id='word_1_258' title='bbox 719 2821 800 2872; x_wconf 78' lang='lat' dir='ltr'><em>locus</em></span> <span class='ocrx_word' id='word_1_259' title='bbox 816 2827 857 2871; x_wconf 83' lang='lat' dir='ltr'><em>est</em></span> <span class='ocrx_word' id='word_1_260' title='bbox 874 2816 961 2870; x_wconf 85' lang='lat' dir='ltr'><em>Scho-</em></span> 
     </span>
     <span class='ocr_line' id='line_1_39' title="bbox 49 2885 959 2958; baseline -0.007 -17"><span class='ocrx_word' id='word_1_261' title='bbox 49 2900 100 2941; x_wconf 83' lang='lat' dir='ltr'><em>:tue</em></span> <span class='ocrx_word' id='word_1_262' title='bbox 118 2890 237 2941; x_wconf 83' lang='lat' dir='ltr'><em>Aesonis</em></span> <span class='ocrx_word' id='word_1_263' title='bbox 256 2889 292 2940; x_wconf 91' lang='lat' dir='ltr'><em>ad</em></span> <span class='ocrx_word' id='word_1_264' title='bbox 309 2890 397 2943; x_wconf 84' lang='lat' dir='ltr'><em>Serm.</em></span> <span class='ocrx_word' id='word_1_265' title='bbox 417 2891 445 2955; x_wconf 93' lang='lat' dir='ltr'><em>l,</em></span> <span class='ocrx_word' id='word_1_266' title='bbox 465 2904 490 2943; x_wconf 74' lang='lat'><em>2.</em></span> <span class='ocrx_word' id='word_1_267' title='bbox 510 2906 535 2942; x_wconf 83' lang='lat' dir='ltr'><em>v.</em></span> <span class='ocrx_word' id='word_1_268' title='bbox 555 2891 596 2954; x_wconf 78' lang='lat'><em>64.</em></span> <span class='ocrx_word' id='word_1_269' title='bbox 625 2888 675 2958; x_wconf 87' lang='lat' dir='ltr'><em>qui</em></span> <span class='ocrx_word' id='word_1_270' title='bbox 698 2896 825 2940; x_wconf 83' lang='lat' dir='ltr'><em>meretur</em></span> <span class='ocrx_word' id='word_1_271' title='bbox 843 2886 892 2937; x_wconf 88' lang='lat' dir='ltr'><em>hic</em></span> <span class='ocrx_word' id='word_1_272' title='bbox 911 2885 959 2935; x_wconf 86' lang='lat' dir='ltr'><em>de·</em></span> 
     </span>
     <span class='ocr_line' id='line_1_40' title="bbox 49 2957 958 3031; baseline -0.007 -22"><span class='ocrx_word' id='word_1_273' title='bbox 49 2957 100 3010; x_wconf 81' lang='lat' dir='ltr'><em>ihi.</em></span> <span class='ocrx_word' id='word_1_274' title='bbox 142 2958 239 3007; x_wconf 80' lang='lat' dir='ltr'><em>Villius</em></span> <span class='ocrx_word' id='word_1_275' title='bbox 256 2958 285 3007; x_wconf 87' lang='lat' dir='ltr'><em>in</em></span> <span class='ocrx_word' id='word_1_276' title='bbox 306 2958 406 3009; x_wconf 83' lang='lat' dir='ltr'><em>Fausta</em></span> <span class='ocrx_word' id='word_1_277' title='bbox 424 2958 514 3025; x_wconf 83' lang='lat' dir='ltr'><em>Syllae</em></span> <span class='ocrx_word' id='word_1_278' title='bbox 537 2960 629 3022; x_wconf 78' lang='lat' dir='ltr'><em>gener)</em></span> <span class='ocrx_word' id='word_1_279' title='bbox 656 2959 763 3023; x_wconf 81' lang='lat' dir='ltr'><em>Semper</em></span> <span class='ocrx_word' id='word_1_280' title='bbox 782 2959 886 3031; x_wconf 79' lang='lat' dir='ltr'><em>incerta</em></span> <span class='ocrx_word' id='word_1_281' title='bbox 910 2971 958 3003; x_wconf 85' lang='lat' dir='ltr'><em>no·-</em></span> 
     </span>
     <span class='ocr_line' id='line_1_41' title="bbox 49 3023 961 3092; baseline -0.004 -17"><span class='ocrx_word' id='word_1_282' title='bbox 49 3044 74 3076; x_wconf 82' lang='lat' dir='ltr'><em>·‚a</em></span> <span class='ocrx_word' id='word_1_283' title='bbox 94 3044 144 3092; x_wconf 67' lang='lat' dir='ltr'><em>pro</em></span> <span class='ocrx_word' id='word_1_284' title='bbox 165 3027 251 3088; x_wconf 82' lang='lat' dir='ltr'><em>certis,</em></span> <span class='ocrx_word' id='word_1_285' title='bbox 270 3038 298 3074; x_wconf 89' lang='lat' dir='ltr'><em>ut</em></span> <span class='ocrx_word' id='word_1_286' title='bbox 317 3026 398 3090; x_wconf 78' lang='lat' dir='ltr'><em>aiibi,</em></span> <span class='ocrx_word' id='word_1_287' title='bbox 419 3027 469 3077; x_wconf 87' lang='lat' dir='ltr'><em>Me</em></span> <span class='ocrx_word' id='word_1_288' title='bbox 487 3024 578 3079; x_wconf 83' lang='lat' dir='ltr'><em>duleis</em></span> <span class='ocrx_word' id='word_1_289' title='bbox 596 3025 730 3078; x_wconf 85' lang='lat' dir='ltr'><em>dominae</em></span> <span class='ocrx_word' id='word_1_290' title='bbox 749 3039 829 3075; x_wconf 81' lang='lat' dir='ltr'><em>musa</em></span> <span class='ocrx_word' id='word_1_291' title='bbox 845 3023 961 3088; x_wconf 73' lang='lat' dir='ltr'><em>Licym-</em></span> 
     </span>
     <span class='ocr_line' id='line_1_42' title="bbox 49 3090 961 3167; baseline -0.009 -21"><span class='ocrx_word' id='word_1_292' title='bbox 49 3111 132 3160; x_wconf 85' lang='lat' dir='ltr'><em>epra</em></span> <span class='ocrx_word' id='word_1_293' title='bbox 150 3093 314 3146; x_wconf 77' lang='lat' dir='ltr'><em>Terentiae:</em></span> <span class='ocrx_word' id='word_1_294' title='bbox 345 3107 385 3157; x_wconf 87' lang='lat' dir='ltr'><em>et,</em></span> <span class='ocrx_word' id='word_1_295' title='bbox 412 3093 571 3147; x_wconf 77' lang='lat' dir='ltr'><em>Malthinus</em></span> <span class='ocrx_word' id='word_1_296' title='bbox 595 3093 699 3145; x_wconf 85' lang='lat' dir='ltr'><em>tunicis</em></span> <span class='ocrx_word' id='word_1_297' title='bbox 719 3091 845 3144; x_wconf 79' lang='lat' dir='ltr'><em>demissis</em></span> <span class='ocrx_word' id='word_1_298' title='bbox 862 3090 961 3167; x_wconf 65' lang='lat' dir='ltr'><em>emau-</em></span> 
     </span>
     <span class='ocr_line' id='line_1_43' title="bbox 66 3160 961 3229; baseline -0.003 -18"><span class='ocrx_word' id='word_1_299' title='bbox 66 3180 116 3228; x_wconf 80' lang='lat' dir='ltr'><em>pro</em></span> <span class='ocrx_word' id='word_1_300' title='bbox 136 3160 303 3214; x_wconf 82' lang='lat' dir='ltr'><em>Maecenas:</em></span> <span class='ocrx_word' id='word_1_301' title='bbox 322 3176 347 3212; x_wconf 86' lang='lat' dir='ltr'><em>et</em></span> <span class='ocrx_word' id='word_1_302' title='bbox 365 3161 420 3227; x_wconf 79' lang='lat' dir='ltr'><em>liic,</em></span> <span class='ocrx_word' id='word_1_303' title='bbox 437 3162 540 3214; x_wconf 79' lang='lat' dir='ltr'><em>Villius</em></span> <span class='ocrx_word' id='word_1_304' title='bbox 557 3162 589 3213; x_wconf 88' lang='lat' dir='ltr'><em>in</em></span> <span class='ocrx_word' id='word_1_305' title='bbox 602 3164 709 3229; x_wconf 79' lang='lat' dir='ltr'><em>Fausta,</em></span> <span class='ocrx_word' id='word_1_306' title='bbox 728 3162 757 3211; x_wconf 85' lang='lat' dir='ltr'><em>id</em></span> <span class='ocrx_word' id='word_1_307' title='bbox 776 3173 832 3212; x_wconf 88' lang='lat' dir='ltr'><em>est:</em></span> <span class='ocrx_word' id='word_1_308' title='bbox 849 3161 961 3209; x_wconf 74' lang='lat' dir='ltr'><em>Annius</em></span> 
     </span>
     <span class='ocr_line' id='line_1_44' title="bbox 49 3226 958 3304; baseline -0.008 -23"><span class='ocrx_word' id='word_1_309' title='bbox 49 3232 170 3281; x_wconf 81' lang='lat' dir='ltr'><em>Fausta:</em></span> <span class='ocrx_word' id='word_1_310' title='bbox 200 3231 289 3279; x_wconf 82' lang='lat' dir='ltr'><em>eodem</em></span> <span class='ocrx_word' id='word_1_311' title='bbox 308 3248 416 3281; x_wconf 83' lang='lat' dir='ltr'><em>numero</em></span> <span class='ocrx_word' id='word_1_312' title='bbox 440 3231 606 3298; x_wconf 82' lang='lat' dir='ltr'><em>syllabarum</em></span> <span class='ocrx_word' id='word_1_313' title='bbox 626 3230 855 3280; x_wconf 85' lang='lat' dir='ltr'><em>commutationem</em></span> <span class='ocrx_word' id='word_1_314' title='bbox 874 3226 958 3304; x_wconf 79' lang='lat' dir='ltr'><em>nomi·</em></span> 
     </span>
     <span class='ocr_line' id='line_1_45' title="bbox 49 3297 957 3366; baseline -0.004 -18"><span class='ocrx_word' id='word_1_315' title='bbox 49 3318 63 3348; x_wconf 84' lang='lat' dir='ltr'><em>u</em></span> <span class='ocrx_word' id='word_1_316' title='bbox 73 3298 158 3364; x_wconf 84' lang='lat' dir='ltr'><em>fecit.</em></span> <span class='ocrx_word' id='word_1_317' title='bbox 194 3298 271 3347; x_wconf 84' lang='lat' dir='ltr'><em>Haec</em></span> <span class='ocrx_word' id='word_1_318' title='bbox 290 3298 392 3350; x_wconf 76' lang='lat' dir='ltr'><em>Acron.</em></span> <span class='ocrx_word' id='word_1_319' title='bbox 411 3298 552 3366; x_wconf 88' lang='lat' dir='ltr'><em>Equidem</em></span> <span class='ocrx_word' id='word_1_320' title='bbox 572 3298 607 3349; x_wconf 88' lang='lat' dir='ltr'><em>de</em></span> <span class='ocrx_word' id='word_1_321' title='bbox 627 3299 711 3349; x_wconf 55' lang='lat' dir='ltr'><em>tinnio</em></span> <span class='ocrx_word' id='word_1_322' title='bbox 727 3314 785 3349; x_wconf 91' lang='lat' dir='ltr'><em>non</em></span> <span class='ocrx_word' id='word_1_323' title='bbox 805 3297 957 3360; x_wconf 77' lang='lat' dir='ltr'><em>adsentior,</em></span> 
     </span>
     <span class='ocr_line' id='line_1_46' title="bbox 49 3365 960 3434; baseline -0.005 -15"><span class='ocrx_word' id='word_1_324' title='bbox 49 3367 87 3419; x_wconf 84' lang='lat' dir='ltr'><em>ud</em></span> <span class='ocrx_word' id='word_1_325' title='bbox 107 3367 206 3418; x_wconf 88' lang='lat' dir='ltr'><em>locum</em></span> <span class='ocrx_word' id='word_1_326' title='bbox 227 3365 321 3434; x_wconf 78' lang='lat' dir='ltr'><em>ipsum</em></span> <span class='ocrx_word' id='word_1_327' title='bbox 347 3365 477 3434; x_wconf 83' lang='lat' dir='ltr'><em>pluribus</em></span> <span class='ocrx_word' id='word_1_328' title='bbox 501 3368 608 3419; x_wconf 86' lang='lat' dir='ltr'><em>dicum:</em></span> <span class='ocrx_word' id='word_1_329' title='bbox 636 3367 672 3418; x_wconf 81' lang='lat' dir='ltr'><em>tle</em></span> <span class='ocrx_word' id='word_1_330' title='bbox 697 3365 838 3433; x_wconf 83' lang='lat' dir='ltr'><em>Licymnia</em></span> <span class='ocrx_word' id='word_1_331' title='bbox 864 3371 960 3415; x_wconf 85' lang='lat' dir='ltr'><em>autem</em></span> 
     </span>
     <span class='ocr_line' id='line_1_47' title="bbox 49 3430 961 3505; baseline -0.008 -18"><span class='ocrx_word' id='word_1_332' title='bbox 49 3436 84 3487; x_wconf 79' lang='lat' dir='ltr'><em>tle</em></span> <span class='ocrx_word' id='word_1_333' title='bbox 105 3432 256 3505; x_wconf 86' lang='lat' dir='ltr'><em>probabile</em></span> <span class='ocrx_word' id='word_1_334' title='bbox 276 3442 335 3498; x_wconf 84' lang='lat' dir='ltr'><em>est,</em></span> <span class='ocrx_word' id='word_1_335' title='bbox 358 3436 492 3486; x_wconf 72' lang='lat' dir='ltr'><em>sublicio</em></span> <span class='ocrx_word' id='word_1_336' title='bbox 510 3453 542 3487; x_wconf 90' lang='lat' dir='ltr'><em>eo</em></span> <span class='ocrx_word' id='word_1_337' title='bbox 563 3436 680 3487; x_wconf 84' lang='lat' dir='ltr'><em>neruine</em></span> <span class='ocrx_word' id='word_1_338' title='bbox 697 3433 864 3486; x_wconf 82' lang='lat' dir='ltr'><em>Terentiam</em></span> <span class='ocrx_word' id='word_1_339' title='bbox 880 3430 961 3481; x_wconf 81' lang='lat' dir='ltr'><em>Muc-</em></span> 
     </span>
     <span class='ocr_line' id='line_1_48' title="bbox 49 3500 962 3576; baseline -0.007 -21"><span class='ocrx_word' id='word_1_340' title='bbox 49 3504 110 3555; x_wconf 60' lang='lat' dir='ltr'><em>ialis</em></span> <span class='ocrx_word' id='word_1_341' title='bbox 131 3518 249 3553; x_wconf 81' lang='lat' dir='ltr'><em>uxorem</em></span> <span class='ocrx_word' id='word_1_342' title='bbox 267 3500 384 3571; x_wconf 79' lang='lat' dir='ltr'><em>signari.</em></span> <span class='ocrx_word' id='word_1_343' title='bbox 428 3503 511 3554; x_wconf 82' lang='lat' dir='ltr'><em>Gerte</em></span> <span class='ocrx_word' id='word_1_344' title='bbox 533 3502 556 3554; x_wconf 84' lang='lat' dir='ltr'><em>si</em></span> <span class='ocrx_word' id='word_1_345' title='bbox 580 3520 645 3555; x_wconf 79' lang='lat' dir='ltr'><em>vero</em></span> <span class='ocrx_word' id='word_1_346' title='bbox 669 3504 787 3555; x_wconf 88' lang='lat' dir='ltr'><em>nomine</em></span> <span class='ocrx_word' id='word_1_347' title='bbox 811 3506 962 3576; x_wconf 80' lang='lat' dir='ltr'><em>vocaretur</em></span> 
     </span>
     <span class='ocr_line' id='line_1_49' title="bbox 49 3570 963 3640; baseline -0.009 -17"><span class='ocrx_word' id='word_1_348' title='bbox 49 3589 72 3623; x_wconf 68' lang='lat' dir='ltr'><em>tc</em></span> <span class='ocrx_word' id='word_1_349' title='bbox 90 3570 253 3639; x_wconf 72' lang='lat' dir='ltr'><em>Licymnia,</em></span> <span class='ocrx_word' id='word_1_350' title='bbox 274 3580 385 3640; x_wconf 84' lang='lat' dir='ltr'><em>oportet</em></span> <span class='ocrx_word' id='word_1_351' title='bbox 404 3587 468 3623; x_wconf 86' lang='lat' dir='ltr'><em>eam</em></span> <span class='ocrx_word' id='word_1_352' title='bbox 486 3571 571 3623; x_wconf 75' lang='lat' dir='ltr'><em>luisse</em></span> <span class='ocrx_word' id='word_1_353' title='bbox 589 3571 769 3625; x_wconf 82' lang='lat' dir='ltr'><em>Libertiuem</em></span> <span class='ocrx_word' id='word_1_354' title='bbox 786 3579 815 3621; x_wconf 87' lang='lat' dir='ltr'><em>et</em></span> <span class='ocrx_word' id='word_1_355' title='bbox 830 3576 963 3621; x_wconf 80' lang='lat' dir='ltr'><em>meretri-</em></span> 
     </span>
     <span class='ocr_line' id='line_1_50' title="bbox 49 3637 1001 3714; baseline -0.006 -21"><span class='ocrx_word' id='word_1_356' title='bbox 49 3658 75 3709; x_wconf 91' lang='lat' dir='ltr'><em>n,</em></span> <span class='ocrx_word' id='word_1_357' title='bbox 97 3648 132 3691; x_wconf 87' lang='lat' dir='ltr'><em>ut</em></span> <span class='ocrx_word' id='word_1_358' title='bbox 149 3640 350 3710; x_wconf 71' lang='lat' dir='ltr'><em>prohemium</em></span> <span class='ocrx_word' id='word_1_359' title='bbox 366 3638 544 3714; x_wconf 77' lang='lat' dir='ltr'><em>antiquitatis</em></span> <span class='ocrx_word' id='word_1_360' title='bbox 560 3640 657 3710; x_wconf 82' lang='lat' dir='ltr'><em>periti.</em></span> <span class='ocrx_word' id='word_1_361' title='bbox 693 3637 780 3709; x_wconf 84' lang='lat' dir='ltr'><em>Atqui</em></span> <span class='ocrx_word' id='word_1_362' title='bbox 796 3637 966 3691; x_wconf 78' lang='lat' dir='ltr'><em>Meteonem</em></span> <span class='ocrx_word' id='word_1_363' title='bbox 999 3698 1001 3703; x_wconf 21' lang='grc' dir='ltr'>Ι</span> 
     </span>
    </p>
   </div>
   <div class='ocr_carea' id='block_1_5' title="bbox 0 0 1130 3990">
    <p class='ocr_par' dir='ltr' id='par_1_5' title="bbox 0 0 1130 3990">
     <span class='ocr_line' id='line_1_51' title="bbox 0 0 1130 3990; baseline 0 0"><span class='ocrx_word' id='word_1_364' title='bbox 0 0 1130 3990; x_wconf 95' lang='lat' dir='ltr'><em> </em></span> 
     </span>
    </p>
   </div>
  </div>
 </body>
</html>
