2250 3990
75 124 117 187 24
381 137 413 192 o.
448 110 609 177 nonium
628 135 775 178 nuncet
834 128 838 136 “

74 218 137 285 ΧΠ,
157 234 201 287 51.
237 217 294 270 Res
309 220 340 271 in
359 218 460 269 Arabia
479 217 618 283 gessimus,
637 230 663 267 et
678 218 802 271 Romana
818 221 947 272 armoire
968 237 1042 289 mag-

76 305 140 338 nam
156 298 260 354 partem
277 290 334 339 eius
350 301 532 356 penetravere.
569 285 676 338 Seneca
695 287 730 341 de
747 288 894 355 Constant.
916 306 928 341 ι
952 298 973 341 .“
993 290 1044 341 Vos

81 356 152 406 enim
170 373 225 405 rem
241 359 351 422 geritis,
372 358 415 407 illi
433 368 511 424 parta
528 355 644 405 uictoria
663 368 709 406 est.
746 356 927 411 Gualterius-
959 356 1043 411 habo-

81 426 153 492 tius,
180 423 233 477 Vir
251 426 393 493 eruditus,
423 423 495 492 legit
513 423 608 493 potine
626 423 821 488 πληθυντικῶς
840 443 894 494 qua
911 442 956 475 rea
974 442 1044 477 cum·

81 510 150 562 que:
178 488 374 560 quindecennis,
404 501 438 544 ut
456 491 513 557 ait,
544 492 612 541 Rem
627 509 721 558 gerere
737 492 773 544 de
793 510 824 545 re
841 494 957 563 priuata
974 492 1043 547 diei·

83 571 147 627 tur,
177 576 335 630 numquam
360 563 395 612 de
413 558 545 630 publica,
577 558 634 611 nisi
652 559 755 612 habeat
773 578 870 614 secum
887 560 1044 630 Epitheton

85 646 227 698 prosperaq
246 629 390 693 male,vel
406 628 502 681 simile
521 627 600 696 quid.
636 627 690 680 Sed
708 646 740 680 an
760 647 793 682 eo
810 629 935 696 fallitur,
956 639 992 683 ut
1006 630 1044 683 ri·

8 726 10 733 ·
85 697 153 748 dere
170 706 264 753 estex
281 697 353 751 loeis
371 698 430 750 iam
447 695 555 762 citatis,
588 696 690 774 quibus
714 697 787 764 alie,
818 698 843 751 ei
868 713 942 817 opus

86 781 198 837 possem
216 765 351 820 adiicere.
387 767 529 832 Ceterum,
551 764 607 816 nisa
626 764 740 833 longina
759 765 885 835 paulloi
924 783 944 818 a
963 766 1045 819 libris

85 832 249 903 recederet,
276 853 336 888 non
353 833 428 886 male
446 834 544 903 legere
561 848 669 902 posses,
700 844 733 885 ut
750 853 805 885 rem
822 852 934 904 cumque
946 834 1044 902 feror,-

86 905 108 955 i.
128 919 152 954 e.
173 904 328 972 quandoque
345 905 403 955 sive
422 903 647 971 quandocumque.
691 903 738 955 Sic
757 903 836 955 enim
853 901 928 955 alibi
946 904 1056 975 Neuter·

88 972 183 1023 Germ.
205 973 258 1037 IV,
277 989 302 1025 a.
323 971 422 1023 endem
440 969 558 1023 omnino
578 985 634 1038 que
651 971 699 1022 hic
718 970 889 1026 sententiae·

101 1070 106 1079 ·
160 1039 301 1093 Conciues
319 1041 419 1089 maiore
436 1044 515 1107 poita
534 1039 634 1104 plectro
759 1066 769 1093 2

158 1108 315 1171 Caesarem,
334 1106 502 1177 quandoque
520 1105 609 1157 trahet
621 1104 740 1172 seroces·

159 1177 212 1227 Per
228 1194 335 1231 sacrum
351 1178 463 1239 cliuum,
483 1175 578 1225 merita
595 1175 705 1227 decorus

103 1274 107 1285 ι
294 1244 414 1309 Fronde,
436 1242 595 1294 Sicambros.

9 1308 11 1313 ’
91 1310 170 1381 Quid
196 1311 274 1380 quod
296 1310 388 1363 adhuc
416 1312 534 1381 propius
558 1310 595 1363 ad
618 1309 764 1381 vulgatam
788 1311 951 1373 lectionem.
971 1328 1042 1369 aeae·

92 1380 161 1431 dere
178 1390 234 1446 est,
256 1378 356 1431 eodem
373 1396 465 1446 sensu,
1020 1416 1023 1423 .

161 1447 258 1517 Quum
276 1467 330 1498 rem
351 1466 459 1517 cumque
470 1447 572 1513 seron:
822 1508 825 1513 Ι

92 1513 203 1586 Quidni
220 1516 299 1569 enim
318 1534 507 1584 quumcumque
524 1524 583 1566 tam
601 1513 751 1568 cdmmode
768 1515 864 1570 dicere
882 1516 997 1588 poterit,
1013 1530 1060 1571 ae.
1081 1566 1083 1571 .

127 1585 329 1653 undecumque?
365 1586 475 1637 Aenon
494 1591 576 1650 extat,
596 1581 718 1651 inquies.
752 1586 845 1637 Hodie
862 1584 988 1655 quidem,
1005 1590 1041 1637 ut
1081 1620 1083 1625 ,

107 1653 175 1704 'bris
191 1653 360 1722 deperditis:
387 1653 438 1723 qui
456 1661 553 1705 tamen
570 1659 598 1703 et
615 1650 671 1721 ipei
690 1652 823 1723 fortasse,
843 1654 900 1706 nisi
920 1650 1042 1723 corrupti
1080 1676 1083 1685 ·

91 1730 199 1841 carpat,
230 1724 287 1775 hoc
304 1722 424 1775 verbum
441 1722 617 1775 exhiberent.
672 1720 754 1774 Certe
773 1722 807 1775 in
824 1724 948 1777 Senecae
967 1718 1042 1775 Oedi·
1080 1718 1083 1727 “

113 1793 288 1854 oeno&
521 1836 526 1845 .
755 1820 758 1825 ·

91 1808 112 1861 P
163 1808 282 1911 Proinde
291 1859 404 1926 'pulsum
415 1856 523 1923 finibus
544 1875 632 1924 regem
651 1858 726 1909 ocius

162 1929 241 1993 Agite
259 1928 379 1979 exulem:
398 1925 597 1993 quodcumque
606 1924 718 1991 frenesta
737 1927 825 1992 gradu

162 1997 256 2047 Solum
274 1994 422 2060 relinquet,
441 2011 501 2043 vere
512 1993 642 2059 florifero
661 1993 751 2044 virens

163 2062 312 2127 Reparalu't
332 2060 445 2111 herbas:
461 2062 573 2127 spiritus
591 2079 672 2127 puros
689 2063 763 2112 dabit

169 2130 269 2180 Vitatis
288 2146 369 2193 aura,
388 2129 478 2179 veniet
498 2141 523 2179 et
542 2127 621 2179 silvis
639 2130 736 2181 decor:
1077 2176 1083 2187 ,

96 2199 149 2251 ubi
165 2198 347 2249 membranae
365 2196 484 2261 habent,
506 2215 683 2265 quocumque,
709 2196 903 2265 quodcumque,
929 2208 1043 2265 quaeum·
1075 2206 1083 2257 ξ

99 2284 168 2335 que:
185 2265 232 2318 vix
250 2263 330 2318 eliud
348 2282 365 2317 a
383 2265 505 2315 Senecae
523 2281 610 2316 manu
626 2264 770 2335 proficisci
788 2264 889 2332 potuit,
911 2281 945 2317 ac
963 2276 1042 2332 quara·

100 2334 219 2403 cumque.
272 2333 385 2449 Quippe
404 2332 543 2385 sententia
561 2342 617 2400 est,
648 2336 878 2402 quandocumque,
904 2350 984 2401 quum
994 2328 1044 2449 pri·
1074 2333 1083 2391 ,Ξ

100 2418 173 2454 mum
191 2399 284 2455 solum
301 2418 332 2463 re
346 2402 453 2469 inquet.
507 2403 606 2470 Neque
623 2401 701 2453 aliud
719 2419 751 2453 ac
769 2401 948 2454 Thebaicum
963 2416 994 2453 ao
1005 2410 1045 2449 un
1074 2402 1083 2461 fl

100 2470 197 2525 intelli
219 2471 256 2539 it,
276 2469 352 2538 quod
371 2478 432 2521 tum
451 2479 528 2539 peste
546 2487 579 2521 ac
595 2471 671 2523 fame
689 2469 844 2527 laborabat.
1080 2500 1083 2507 ·

136 2556 161 2608 7.
212 2557 240 2588 ec
258 2556 350 2589 cursus
367 2539 482 2604 duplicis
499 2556 546 2605 per
563 2557 636 2589 mare
656 2538 786 2605 Ulyssei].
812 2540 897 2590 Vetus
916 2532 1045 2589 Scholia!-

103 2617 160 2660 tes:
178 2606 372 2674 Amplribalon:
389 2606 464 2655 Nam
483 2620 509 2656 et
526 2605 649 2676 duplicia
660 2606 757 2659 Ulixei
776 2618 860 2672 potest
875 2607 971 2673 accipi,
988 2596 1045 2672 quod

103 2674 246 2742 significat
264 2675 377 2735 calliam
401 2688 427 2725 et
447 2674 484 2725 du
506 2674 569 2727 licis
587 2691 685 2727 cursus
703 2693 750 2743 per
767 2676 950 2725 accusativum
966 2672 1047 2739 ptura·

105 2746 173 2809 lem,
200 2744 300 2807 idest,
324 2745 378 2793 itus
396 2760 428 2792 ac
445 2760 472 2793 re
492 2745 553 2793 itus.
605 2744 724 2795 Italam
742 2741 813 2795 olim
827 2741 991 2793 dubitatum
1006 2740 1047 2803 ed,

102 2812 142 2865 de
158 2811 300 2865 sententia
315 2810 401 2863 huius
418 2810 492 2875 looi;
520 2809 588 2862 inde
605 2821 672 2865 nata
689 2811 889 2879 ambiguitate,
919 2806 995 2879 quod
1011 2820 1048 2859 ve·

103 2889 178 2933 teres
197 2879 396 2931 Accusativum
415 2878 558 2958 pluralem
575 2881 607 2931 in
629 2882 656 2931 la
676 2880 831 2933 offerebant
847 2878 881 2931 in
904 2877 942 2931 iia
967 2870 1050 2929 narni·

104 2951 206 3012 nibue,
227 2944 330 3019 quibus
347 2947 497 2999 Gemtivue
516 2949 605 2999 exiret
623 2946 655 3001 in
676 2953 743 2999 Iura.
790 2946 826 2999 Et
844 2945 967 3015 proinde
984 2950 1051 3019 vete·

104 3034 150 3070 xes
168 3015 273 3086 quique
289 3013 402 3068 codices
428 3015 476 3067 hic
499 3014 605 3068 habent
623 3018 752 3084 duplicis,
784 3016 957 3067 recentiores
992 3010 1054 3069 lon!

105 3102 162 3155 qno
179 3084 306 3151 duplices.
344 3084 503 3141 Priscianus
520 3092 615 3137 tamen
639 3104 667 3155 p.
685 3087 745 3152 562.
784 3086 883 3150 Ulyxes
902 3100 952 3152 pra
1013 3090 1063 3153 ue]

106 3150 179 3217 aede,
216 3152 269 3203 uod
285 3152 433 3203 ostenditur
441 3154 470 3202 in
479 3154 599 3219 genitiva
615 3155 719 3220 Ulyxci.
738 3152 870 3203 Horatiae
884 3152 914 3203 in
931 3148 1055 3205 Lutra·

207 3238 235 3273 ec
251 3236 343 3270 cursus
359 3218 487 3289 duplices
504 3239 552 3287 per
569 3239 642 3271 mare
664 3221 770 3288 lllyrei.

104 3290 142 3343 Et
159 3288 200 3341 aic
220 3298 276 3341 trea
292 3287 362 3339 libri
378 3289 492 3358 scripti,
512 3304 581 3358 quos
598 3288 741 3345 consului.
777 3287 832 3340 Sed
848 3302 913 3358 pag.
931 3302 994 3365 723.
1007 3278 1065 3339 ulti

105 3358 207 3411 eadem
223 3365 408 3427 repetuntur,
427 3373 507 3408 nunc
527 3365 601 3410 extat
618 3359 747 3426 duplicis:
771 3373 838 3411 cum
856 3365 955 3407 tamen
973 3350 1061 3405 rident

106 3424 221 3478 codices
239 3424 328 3477 etiam
345 3423 408 3477 illic
427 3426 551 3485 habeant
569 3426 696 3495 duplices.
713 3426 888 3496 3Reliquum
905 3431 948 3475 eat
963 3420 1060 3491 igitur,

107 3510 177 3549 oum
192 3491 225 3547 in
243 3493 386 3566 scriptura
402 3502 462 3551 tam
478 3510 582 3567 parum
599 3492 705 3563 auxilii,
717 3494 764 3565 eit,
784 3502 817 3551 ut
832 3490 1005 3563 sententiani
1019 3488 1063 3575 ip·
