2250 3990
61 126 138 199 '152
363 152 394 206 ο.
429 140 589 193 nourrii
623 150 757 195 nuncet

70 235 176 287 habirit.
210 232 284 285 Nam
302 237 336 283 ut
353 230 479 300 Alpheus
497 233 564 300 ille,
594 250 680 303 quern
699 249 786 305 supra
803 228 924 287 citerinn

72 303 122 355 hic
140 302 262 371 scriptor
279 301 314 364 tsi
333 300 356 351 is
374 309 415 353 est
430 304 596 355 Anacreon:
616 319 689 361 nsnn¹
701 318 735 353 ex
754 302 799 369 iis,
818 318 888 371 quae
902 318 924 355 tt

73 370 191 423 nornine
209 367 295 421 hodie
311 369 458 437 feruntur,
489 369 582 423 multa
605 366 703 440 spuriis
726 374 804 439 suut)
830 378 922 441 aperte

72 439 204 492 imitatus
221 447 263 489 est
280 438 404 489 eundem
422 438 587 489 Archilochi
607 438 716 505 locum,

148 500 190 560 Οὔ
207 522 255 571 μοι
275 505 320 557 ΤΛ
338 508 467 559 ΓΤΓΕΩ
483 506 533 559 τοῦ
551 502 726 573 πολυχρύσου
745 504 879 557 ΜΕΛΕΙ.

78 574 239 630 Alexander
256 583 351 634 minen
372 576 502 643 Aetolus,
522 584 555 625 ut
572 576 603 626 in
621 575 672 627 his·
684 574 923 643 saue-peregrinis

77 645 161 699 nibus
178 643 271 695 rnnior
289 652 329 694 est
343 642 470 708 licentia,
490 644 619 713 priorem
638 644 668 693 in
686 638 781 709 Γύγης
799 642 925 711 corripuit

78 721 235 783 grarrinrate
253 713 284 762 in
302 711 477 775 Alcmanem,
500 712 576 781 qnod
595 712 695 764 vitiose
712 711 824 761 editum
843 708 914 781 apud

81 785 168 832 chum
188 777 383 847 Hestiaiotis,
414 781 570 831 correctius
587 788 615 848 et
632 778 773 845 integrius
790 778 916 831 deditur

81 848 160 919 legia
180 848 289 899 inedita
309 798 399 899 ducas
418 849 579 899 Holstenins
599 848 635 900 nd
655 846 751 915 Steph.
774 846 925 929 Byzantius

149 914 208 969 Καὶ
223 912 330 981 μούσας
348 911 434 982 ἐδάην
451 911 629 981 ἑλικτονίδος,”
639 914 674 966 erl'
686 930 719 975 με
738 930 884 987 Ιτυροισνοισ

185 984 284 1051 &inae
301 979 449 1035 Δασκύλεω
468 982 580 1050 μείζονα
596 983 644 1035 nel
663 981 768 1049 Γύγεω.

45 1054 51 1067 ’
83 1055 128 1107 Ita
144 1068 222 1105 nnnc
239 1054 332 1103 fertur
350 1062 472 1121 utroque
498 1052 562 1103 loco
589 1046 755 1105 Aeoudleu:
780 1050 914 1105 mendose

83 1123 140 1175 nisi
173 1121 283 1172 auctori
317 1136 444 1171 errorem
477 1122 571 1189 potins
601 1136 687 1189 quani
704 1118 863 1173 Libratis
894 1120 925 1172 in

85 1190 199 1261 Quippe
217 1187 353 1255 Dascylos
377 1189 436 1240 sive
460 1188 593 1257 Dascylos
611 1190 700 1257 Gygis
722 1196 804 1255 peter
827 1205 887 1241 nen
908 1198 925 1257 t}

86 1266 155 1323 eret,
175 1257 224 1307 scd
241 1255 367 1327 privatus
413 1260 469 1309 Aut
486 1259 606 1327 scripsit,
629 1268 678 1307 ent
693 1256 839 1324 scripsisse
857 1258 925 1311 delttt

156 1324 253 1389 Θῆκσν
274 1320 440 1377 Κὰνδοιύλέω
457 1324 569 1390 μείζονα
586 1323 634 1376 καὶ
652 1320 757 1389 Γύγεω.

85 1394 131 1445 De
155 1390 301 1443 Candaule
326 1401 354 1442 et
380 1392 463 1461 Gyge
486 1392 615 1463 tyrannis
641 1402 707 1443 nota
730 1400 772 1445 est
790 1390 922 1445 historia.

87 1476 193 1525 omma,
216 1469 247 1509 ut
266 1461 302 1511 ad
320 1461 470 1513 Horatium
489 1471 630 1527 revertar,
651 1460 772 1513 dubium
792 1461 912 1530 quidem

88 1528 229 1597 Gygrrne,
262 1546 297 1581 an
318 1529 391 1597 Gyes
407 1531 443 1580 sit
467 1530 520 1581 ille
540 1530 735 1581 centimanus.
779 1530 838 1583 Nos
864 1539 924 1583 tam

87 1598 165 1649 rium
182 1596 358 1663 scriptorum
375 1600 576 1651 auctoritatem
601 1598 706 1665 secuti,
738 1600 818 1669 prius
843 1597 920 1651 illud

88 1664 190 1717 limus:
210 1676 324 1717 rectene
344 1682 485 1733 suescas,
507 1686 599 1738 neque
619 1666 692 1719 scire
708 1682 786 1717 nunc
803 1668 847 1719 fas
865 1676 916 1735 est,

88 1734 150 1787 lrnn
174 1735 305 1789 interestr
341 1737 538 1806 nequeenim
562 1735 674 1789 Horatii
697 1734 772 1787 salus
796 1734 829 1787 in
853 1734 918 1789 hou-

90 1804 238 1857 rertitnr..
888 1830 892 1835 ·

65 1918 68 1925 .
123 1888 164 1940 23.
189 1872 360 1942 Voluerisqne
370 1870 431 1940 sati
452 1874 583 1925 Turdi-ivit
600 1868 669 1937 ales]
699 1868 836 1923 Lambini
862 1871 926 1942 quit'

90 1940 181 2004 dices,
212 1942 379 1993 Bersntonni
398 1958 487 2010 unus,
516 1951 544 1991 et
563 1956 601 2007 ax
620 1938 723 1990 nestris
740 1938 883 1993 Petrensis
903 1958 926 1993 ct

89 2010 171 2062 tione
196 2007 332 2059 Loscherr
362 2009 466 2061 hubent
517 2008 645 2059 volucres.
698 2007 734 2057 Et
761 2008 803 2059 sic
834 2011 925 2062 etiam

90 2077 166 2145 apud
185 2076 315 2149 Servium
333 2076 368 2127 ad
388 2078 455 2127 Aen.
474 2050 520 2141 iv,
541 2079 599 2129 (ito.
636 2075 713 2145 Quin
732 2078 761 2125 et
779 2080 926 2131 vetustior«

90 2144 206 2210 hrtiuee,
228 2160 300 2211 qnec
318 2143 452 2195 exhibent
465 2147 591 2209 volucris,
610 2143 640 2194 id
659 2161 692 2193 cx
711 2143 830 2215 antiqua
846 2146 925 2199 scrib

90 2212 170 2264 tione
190 2221 316 2276 servant3
346 2220 377 2262 'at
404 2230 506 2282 nempe
523 2214 559 2264 sit
581 2212 674 2281 quarti
693 2228 772 2264 casus
789 2218 908 2268 numeri
924 2236 926 2243 ¹

90 2298 149 2332 non
170 2279 289 2348 genitivi
309 2280 462 2346 singularis
514 2282 550 2334 Et
568 2281 608 2334 sic
626 2286 657 2333 in
674 2279 728 2331 hnc
750 2288 844 2335 nostra
865 2285 926 2335 edit

92 2348 151 2415 cipi
171 2348 242 2413 volo,
263 2350 394 2413 volucris,
415 2350 470 2402 hoc
487 2361 543 2418 est,
566 2351 694 2401 volueres.
730 2349 899 2420 Elegantius
917 2372 926 2404 t

91 2418 178 2467 lucres
196 2418 255 2467 alas
265 2418 338 2483 sati,
357 2435 443 2488 quam
462 2421 522 2471 alas
533 2420 592 2487 soti
609 2419 743 2485 colueris:
766 2422 869 2474 Noster
887 2420 927 2477 Ca

92 2501 135 2553 29·
154 2485 190 2535 de
208 2487 348 2539 Fortuna:

160 2554 255 2603 Laude
274 2568 440 2606 innuentem:
457 2558 483 2607 si
500 2556 609 2611 celeres
627 2559 712 2629 quatit

99 2662 103 2671 ,
161 2623 280 2689 Pennas,
303 2626 412 2689 resigno
429 2644 496 2694 quae
513 2628 594 2680 dedit.

92 2689 171 2757 Virg.
191 2695 260 2743 Aen.
281 2694 312 2757 V,
333 2710 392 2761 217.

163 2760 248 2808 Radit
266 2762 317 2809 iter
337 2762 476 2829 liquidum,
492 2762 601 2817 celeres
620 2782 703 2833 neque
721 2776 867 2815 commovet
887 2764 927 2819 uls

93 2824 177 2879 Ovid.
202 2829 262 2880 Art.
282 2828 319 2895 ll,
338 2844 382 2896 45.

162 2896 317 2962 Rerniginm
335 2896 465 2950 volucres
485 2899 601 2966 disponit
617 2901 649 2951 in
664 2900 757 2952 ordine
774 2916 893 2969 pennas.

513 2998 638 3071 XVlll.

127 3119 153 3175 3.
172 3104 237 3156 Non
255 3105 343 3156 trebes
360 3106 526 3173 Hymettiae]
557 3107 608 3157 Vir
628 3106 834 3159 celeberrimus
850 3105 927 3162 Thot

95 3167 111 3227 d
128 3173 283 3240 μακαρίτης
301 3174 343 3224 sic
360 3170 475 3242 legebat
494 3190 527 3224 ex
546 3178 727 3231 coniectura:

56 3306 60 3311 ,
200 3242 263 3291 Νοη
281 3244 370 3292 trahes
388 3243 546 3310 Hymettias

62 3312 65 3317 '
112 3348 115 3353 -
163 3312 293 3361 Fremant
305 3311 448 3360 'columnas
468 3314 562 3361 ultima
581 3310 689 3363 recisae
710 3313 811 3380 Africa.

95 3379 179 3448 Quod
197 3378 318 3429 mininie
338 3380 579 3430 contemnendum
597 3390 652 3430 cst:
676 3389 707 3431 ut
725 3382 795 3432 ordo
813 3381 866 3446 sit,
888 3401 928 3437 no

94 3447 224 3509 (citreae)
248 3460 282 3497 etr
299 3446 401 3499 ultima
420 3449 517 3500 Attica
541 3450 648 3500 recisae
666 3461 800 3519 premunt
818 3451 927 3503 columi

92 3518 184 3569 moris
202 3514 354 3586 Hynettii.
390 3514 523 3570 Celebres
540 3532 606 3570 saue
624 3528 705 3572 erant
722 3519 873 3572 columnae
886 3522 928 3591 H)
