2250 3990
123 152 188 216 314
405 162 436 216 o.
469 158 633 202 1ιιοιιιιιι
667 158 798 204 concor

123 253 171 316 IV,
191 258 256 367 iilos
272 326 297 363 et
314 312 358 363 ier
375 307 493 361 macules
512 305 519 378 Ι
539 326 584 359 um
600 309 716 360 edomuit
732 310 817 377 nosen

29 408 32 413 ’
124 386 216 441 Aliter
233 399 318 454 porro
335 396 381 433 ree
397 396 426 431 ae
443 376 528 429 habet
550 376 583 429 iu
606 380 693 431 unico
718 378 771 433 illo
793 376 951 449 verriculo,
982 380 1074 436 em,

122 458 163 545 Ii’
186 472 265 573 ¹510„
274 517 432 585 flagrantia
449 514 480 565 de
501 510 506 582 Ι
529 516 685 583 torqueood
701 516 810 569 orcula:

124 590 176 643 ubi
194 605 308 641 caesura
324 588 355 639 in
373 584 500 637 mediam
513 586 615 637 uocem
636 582 764 636 incidere
788 582 915 655 cuipiam
938 583 1072 639 vidntur.

126 659 213 712 Cuius
231 657 365 709 licentiae
382 668 515 706 arcanam
541 652 697 719 rationem,
728 670 764 707 ne
787 654 862 707 forte
886 654 1010 707 eandem
1033 670 1073 707 re·

124 730 205 780 niam
231 724 391 791 Carthagini
423 720 546 773 (landam
578 720 735 785 existimer,
770 722 831 779 iam
856 720 912 777 tibi
941 739 957 775 o
997 723 1073 775 riam.

124 797 198 849 Dico
216 795 306 863 igitur
323 790 561 862 praepositionem
572 776 618 840 De*
634 789 713 859 quati
729 789 856 870 seperari
872 806 889 842 ι
905 806 957 843 ver
978 810 996 845 o
1014 791 1075 843 Tor·

124 878 202 935 quet:
229 864 334 933 quippe
352 876 423 929 quae
443 875 500 911 non
521 856 615 909 notive
632 856 764 911 vocabuh
781 858 842 911 eiue
879 874 931 917 ete·
949 859 1000 927 eit,
1029 858 1074 913 ιἰιΙ

124 934 281 986 adventitia
298 939 326 981 et
342 936 465 979 externa.
508 925 575 977 Sine
596 925 705 979 iniuria
729 927 826 996 itaque
868 926 951 980 ivelli
975 928 1075 1000 peterit

124 1018 177 1072 per
194 1016 347 1063 caesuram,
366 1006 395 1047 et
411 1012 469 1045 nou
487 993 668 1046 incommode
684 1011 801 1066 parterm
816 994 967 1047 rectinere.
995 996 1074 1069 Quod

124 1081 153 1121 et
177 1069 233 1122 alio
259 1065 388 1134 exemplo
412 1062 468 1114 tibi
492 1062 665 1115 confirmabo
694 1064 726 1116 in
748 1079 833 1115 remu
858 1063 993 1133 Alcaico,
1027 1064 1074 1137 qui

123 1137 291 1191 Choriemhi
310 1134 468 1187 accessione
485 1148 519 1182 ex
527 1130 718 1199 ‘Asclepiadeo
736 1132 877 1195 nosciturg
897 1140 930 1184 ut

193 1206 307 1256 Nullam
328 1204 332 1271 Ι
358 1203 424 1251 Varo
443 1217 522 1251 sacra
545 1198 551 1268 Ι
571 1202 625 1250 vite
641 1201 716 1265 prius
734 1199 740 1269 Ι
760 1201 861 1269 seceris
878 1201 1010 1255 arborem.

36 1260 41 1269 “
123 1273 197 1325 Cum
214 1275 291 1324 enirn
310 1281 338 1322 et
355 1270 438 1321 huius
456 1269 540 1319 metri
558 1270 679 1321 suavitas
694 1269 727 1319 io
744 1285 779 1321 oo
795 1270 919 1323 maxime
936 1270 1071 1341 antistet,

122 1354 156 1394 ut
180 1341 242 1393 bini
264 1340 312 1391 illi
332 1338 498 1391 Choriamhi
524 1354 635 1405 semper
658 1338 788 1389 desinent
812 1338 936 1391 invoco
955 1340 1071 1410 integro,

123 1419 156 1462 ut
178 1411 237 1461 iam
260 1408 371 1467 vidisti;
406 1408 494 1475 idque
522 1405 626 1475 ubique
652 1404 807 1473 diligenter
830 1406 939 1459 caverit
962 1408 1073 1463 elaeon

124 1477 241 1545 (Graeci
258 1478 337 1536 enim
361 1476 411 1527 hic
435 1473 661 1542 rn=glegentiorae
685 1476 777 1539 crant)
804 1476 835 1527 in
862 1491 921 1528 uno
944 1476 1073 1531 dunuret
1104 1483 1108 1492 ’

32 1604 38 1614 ,
123 1547 263 1599 versiculo
288 1544 527 1616 praepositionem
545 1562 561 1594 a
578 1559 627 1593 ouo
649 1544 735 1595 verbo
755 1543 908 1595 dissolvere
925 1560 1010 1599 ιιιιιιι
1024 1554 1070 1613 dol,

192 1618 261 1667 sirco
281 1612 286 1683 Ι
307 1616 387 1681 nique
399 1603 474 1679 fides
494 1611 499 1682 Ι
518 1612 632 1680 prodigo
650 1628 698 1677 per
719 1610 725 1681 Ι
746 1612 860 1667 lucidior
876 1612 957 1664 uitro.

122 1684 250 1736 Eandem
275 1685 371 1753 itaque
398 1680 508 1733 veniam
534 1688 562 1731 et
586 1678 710 1751 speravit
733 1686 762 1732 et
785 1678 952 1751 impetravit
975 1681 1024 1735 hic
1042 1682 1070 1735 iu

123 1752 305 1816 Pcrlnoidior,
335 1767 420 1819 quam
438 1749 502 1801 illic
520 1748 552 1799 in
569 1750 730 1816 Detorouet.⁸
758 1758 791 1801 ut
807 1750 982 1819 praepositio
999 1750 1069 1805 reili-

123 1831 169 1873 cet
188 1818 334 1873 caesuram
351 1821 492 1883 arretineat,
511 1826 656 1884 tamquam
672 1834 689 1868 ιι
706 1818 793 1869 verbo
812 1818 912 1870 dieite.
946 1818 983 1871 Itl
1002 1818 1070 1891 quod

45 1942 50 1953 ,
123 1891 236 1956 frustra,
256 1891 368 1958 opinor,
387 1895 571 1945 expectassem
589 1886 613 1937 ri
630 1884 721 1939 invite
736 1884 812 1954 Lyra
827 1894 857 1939 et
873 1902 933 1941 ucu
949 1888 1013 1941 tine
1027 1902 1069 1941 ιιι.

124 1959 203 2010 rium
223 1958 346 2009 vulnere
362 1951 434 2007 illud
452 1954 588 2006 absonum
607 1952 804 2022 concinuisset,

194 2025 257 2075 Non
273 2023 395 2073 incendio
413 2024 467 2073 Car
489 2023 493 2086 Ι
515 2021 635 2087 thoginis
651 2024 758 2089 impiae.

123 2094 218 2146 Nullis
235 2092 314 2143 enim
333 2090 455 2141 fidiculis
472 2088 569 2141 divelli
589 2099 677 2157 potest
695 2107 727 2141 en
745 2084 867 2161 sylleb23
899 2102 1001 2167 utpote
1017 2110 1070 2149 nou

123 2161 295 2212 extrinsecus
313 2158 448 2219 adducto,
476 2157 524 2208 aed
549 2157 698 2210 inhaerens
722 2168 750 2211 ct
776 2158 876 2214 insite:
908 2171 938 2214 et
955 2161 1071 2235 proinde

123 2231 158 2279 ud
178 2246 292 2296 pausam
312 2225 503 2277 sustinendam
525 2226 619 2293 inepta
640 2227 725 2294 plano
743 2236 770 2279 et
788 2228 935 2287 inhabilis.
969 2234 1070 2285 Habeat

122 2298 218 2366 itaque
235 2312 316 2349 suurn
334 2294 389 2345 sihi
407 2292 557 2359 Falsarms,
588 2303 616 2346 et
640 2296 773 2348 historice
795 2306 823 2347 et
843 2300 913 2351 ortis
934 2299 1070 2367 ignarissi-

123 2383 201 2431 mus3
234 2381 325 2435 neque
347 2363 475 2415 candidis
492 2363 579 2415 stollis
598 2364 739 2417 maculam
758 2366 917 2435 inspergat:
949 2366 1069 2438 quernei

123 2436 254 2487 omnibus
274 2432 398 2498 vestigiis
422 2431 557 2493 indagare
582 2440 610 2482 et
627 2434 830 2503 comprendere
848 2436 947 2489 conati
963 2454 1067 2499 ιιιιιιιιις

123 2505 250 2555 eruditus
267 2503 358 2553 lector
376 2500 420 2551 vcl
438 2500 526 2568 ipsius
541 2500 653 2562 Horatii
672 2518 768 2570 caure,
788 2502 869 2557 cuius
888 2520 936 2557 rer
951 2504 999 2558 hie
1013 2508 1067 2575 ufli-

122 2581 178 2642 tur,
197 2574 268 2625 rotis
286 2571 343 2623 ouis
360 2569 474 2623 favebit.
545 2628 548 2633 ,
786 2567 790 2577 ’

401 2667 460 2736 IX.
519 2688 571 2734 nn
604 2686 788 2738 concrum.
881 2745 884 2751 .

158 2796 198 2847 ²9·
229 2778 353 2828 Paullum
378 2778 497 2843 sepultae
521 2777 601 2827 distat
627 2779 740 2827 inertiae
763 2778 858 2829 Celata
881 2780 982 2851 virtus]
1013 2780 1070 2851 Ego

123 2864 190 2900 vero
208 2847 254 2897 vix
271 2846 335 2898 satis
353 2847 450 2915 capio,
478 2844 547 2914 quid
572 2845 625 2895 sibi
646 2845 715 2897 velit
737 2855 785 2897 eut
802 2850 946 2915 quomodo
963 2858 1071 2903 teuteu-

122 2917 192 2967 tiam
212 2915 290 2965 iuvet
307 2914 379 2965 illud
400 2916 538 2981 Sepultoo:
562 2912 651 2965 immo
669 2930 782 2979 vereor,
801 2933 838 2966 ne
857 2918 967 2970 officiat
984 2919 1072 2984 mugio

123 3001 207 3052 quam
227 2983 323 3054 prosit.
359 2982 394 3033 Et
416 2982 483 3033 inde
508 2981 611 3050 opinor
628 2992 681 3047 eet,
710 2984 783 3053 quod
802 2983 977 3039 scholiastae
999 2996 1072 3039 rete·

122 3068 166 3104 res
184 3052 224 3102 sic
242 3059 383 3114 enarrent,
405 3052 469 3101 Non
487 3049 596 3100 laudato
614 3054 698 3101 virtue
712 3052 812 3103 similis
828 3066 867 3104 est
883 3056 1013 3115 inertioe;
1030 3057 1071 3108 ein

122 3130 217 3172 autem
234 3119 350 3183 sepultae
367 3120 518 3184 addidero,
540 3119 675 3172 continuo
692 3122 847 3173 sentcntiae
864 3121 960 3191 caligo
977 3127 1071 3177 nescio

122 3206 192 3257 quoe
213 3187 349 3236 oboritur.
386 3189 461 3255 Quid
480 3188 556 3238 enirn
577 3188 637 3238 vis?
658 3204 694 3238 en
711 3190 829 3255 sepultae
849 3193 918 3256 orit,
938 3200 972 3243 ut
989 3192 1071 3263 vulgo

121 3257 354 3325 interpretentur,
375 3257 520 3319 extinctae,
540 3255 686 3308 oblivione
703 3257 841 3311 obrutae?
875 3259 962 3328 Atqui
982 3260 1072 3314 celet!

121 3326 209 3376 virtus
227 3324 300 3373 houd
320 3324 407 3389 magis
427 3342 443 3375 ιι
461 3325 523 3376 viva
541 3333 567 3373 et
592 3324 705 3389 vigente
729 3325 834 3379 inertia
857 3327 959 3395 distet,
989 3344 1090 3399 quem.

122 3393 157 3445 eb
183 3391 319 3443 extincta:
353 3391 457 3460 qnippe
482 3395 566 3442 virtus
590 3394 676 3442 coloro
702 3392 788 3446 hahet
810 3394 938 3466 speciem¹
960 3398 1070 3449 inertiae

120 3462 250 3529 parentis:
276 3461 347 3511 sicut
372 3460 476 3511 inertia
501 3462 572 3511 hene
598 3460 771 3515 dissimulata
791 3464 895 3515 habere
933 3466 1001 3517 nteit
1017 3464 1070 3518 lar·

122 3547 187 3581 vam
210 3528 331 3580 virtutis.
374 3530 408 3580 Et
432 3538 464 3580 ut
486 3528 559 3580 illud
583 3528 700 3597 addam3
731 3535 829 3585 inertia
850 3484 971 3603 sepultos
993 3544 1069 3587 recte
