2250 3990
251 106 390 197 urou‘ou
420 150 543 197 nictu.
811 132 877 199 365

55 236 107 289 'rere
122 232 268 291 versiculos
287 235 294 307 Ι
315 254 407 289 amore
423 250 577 305 percussum
592 227 688 301 movit
722 258 727 281 t

64 310 229 372 immutavit,
255 319 285 357 ut
303 306 470 361 antecederet
488 303 604 355 iambici
619 318 700 370 porr,
722 314 885 371 seqturstttt-

55 394 85 425 c:

55 446 161 494 uionem
178 440 210 493 ds
227 442 270 494 dic
290 438 297 509 Ι
319 436 433 509 demque
449 434 539 491 virent
553 454 652 505 genua.
798 491 801 499 ,

54 528 102 563 ere
118 511 204 571 hebes
222 512 298 580 opud
316 510 439 561 eundem
457 526 484 577 p.
503 508 581 576 2699.
616 506 874 577 'semem-opinor,

54 580 109 647 ipsi
127 581 163 632 de
179 596 208 631 se
226 578 320 648 potior
336 578 405 629 fides
422 576 554 627 habenda
572 583 628 640 cst3
658 574 710 643 qui
732 570 811 627 clere
826 592 877 629 ue·

54 647 119 700 llius
136 647 272 699 carminis
291 645 391 698 modos
403 638 749 711 immutasse„.Epist.wll,
769 658 811 711 19.
856 666 879 707 ,-

237 715 333 765 Parios
349 730 399 780 ego
415 715 517 781 primus
534 710 643 763 Ionibus

54 784 102 833 ndi
119 782 209 846 Latio,
226 798 361 835 numeros
377 782 532 849 animosque
548 792 657 845 secutus
732 826 735 831 .
776 822 810 833 ...

54 850 163 917 iilcchi,
186 868 240 902 non
259 868 302 902 res
319 862 345 901 et
360 850 471 917 agrestio
488 846 570 898 verbo
586 842 750 914 Lycamben·
802 898 805 903 ,

54 938 74 970 ιι
94 938 134 969 me
145 918 229 984 soliis
244 920 303 969 ideo
321 915 486 979 brevioribus
501 932 589 980 ornes,
667 958 691 975 .,
753 916 757 927 ’

54 990 68 1037 rl
84 988 170 1038 timui
186 996 298 1039 mutere
315 985 414 1039 modos
433 998 459 1035 et
478 986 605 1035 carminis
623 996 717 1037 ortem.
821 1026 825 1037 .

65 1055 142 1107 hunc
159 1056 252 1125 ipsum
270 1066 383 1109 tersum
405 1052 606 1105 Archilochium
623 1060 706 1105 vocet
722 1046 879 1107 Diomedes

63 1133 92 1175 et
117 1124 286 1177 Scholiastss
315 1122 485 1175 Blandinius
508 1120 543 1173 de
569 1120 674 1173 Metris
699 1122 776 1191 opud
804 1121 879 1174 Cru-

54 1193 137 1243 rliue
154 1192 231 1244 libri.
269 1190 323 1245 Sed
343 1199 442 1244 utcum
461 1207 497 1241 ue
517 1189 574 1241 hoc
590 1188 694 1255 fuerin
721 1198 879 1259 utrumque

64 1269 94 1311 et
109 1260 187 1312 hunc
203 1263 251 1331 xl,
270 1270 299 1313 et
315 1253 439 1315 elt'erum
496 1258 531 1325 tl,
551 1256 676 1311 alternos
692 1274 789 1311 versus
803 1248 878 1323 {elco-

54 1345 76 1388 ις
99 1328 219 1397 hebere,
254 1345 288 1381 ex
311 1330 421 1381 drrobus
444 1326 514 1379 colis
536 1334 710 1387 contuntcst
739 1337 825 1395 etque
843 1343 878 1379 eo

53 1414 82 1448 ru
101 1413 193 1449 unum
209 1396 384 1453 versiculum
409 1392 608 1449 concludenda
631 1410 705 1463 esee,
736 1410 812 1462 nou,
845 1394 879 1447 ist

53 1483 73 1516 rs
89 1466 195 1531 voluit,
224 1466 256 1516 iu
282 1468 362 1517 binos
379 1460 557 1525 dissecando,
590 1462 649 1513 iem
671 1469 765 1529 certo,
786 1458 875 1531 'puto,

53 1550 99 1583 um
115 1535 169 1584 tibi
187 1541 245 1598 est,
278 1549 312 1584 ex
333 1533 371 1585 iis
391 1547 464 1601 quse
489 1527 574 1581 modo
593 1528 749 1599 attulimus.
783 1534 879 1599 Atque

53 1601 152 1652 sinunt
171 1617 269 1653 omnes
286 1600 336 1651 ubi
358 1615 394 1651 ue
411 1596 618 1662 Grammatici,
645 1596 879 1677 quotiescumque

53 1669 131 1719 tetris
148 1676 252 1735 agunt,
281 1676 314 1717 ut
331 1619 485 1719 diomedes
503 1684 529 1733 p·
550 1678 609 1743 511.
627 1672 657 1715 et
673 1674 741 1729 5283
767 1662 879 1717 Murrus

53 1753 82 1786 us
100 1753 127 1804 p.
148 1752 224 1803 2549,
244 1736 319 1803 2619,
339 1738 414 1789 situ.
432 1742 462 1785 et
479 1730 595 1785 Attilius
610 1728 831 1785 Fortunatiuuus
848 1748 878 1801 p.
924 1758 929 1769 =

53 1804 77 1854 ic
101 1811 129 1853 et
151 1813 249 1855 auctor
268 1801 410 1855 Carminis
434 1794 469 1853 de
489 1799 627 1870 Pasiphae
651 1794 740 1867 (aput
761 1798 881 1857 Rlondi-

53 1892 56 1919 ε
77 1871 175 1923 metris
193 1872 376 1940 scriptorem,
402 1880 431 1922 et
446 1868 611 1933 Plthoeum)
632 1882 688 1938 quo
707 1865 804 1935 omnic
820 1868 879 1920 Hc·
945 1908 949 1920 .

53 1950 138 1991 metro
158 1939 304 2009 eleganter
328 1939 493 2010 complexus
515 1945 577 2006 est,
608 1928 729 2005 siugulis
751 1935 880 2003 versiltut

53 2010 216 2077 Asyncrtctu
234 2008 373 2076 exhihuit,

53 2078 143 2142 opides
159 2079 265 2128 iuuenis
282 2079 287 2144 Ι
309 2094 386 2145 quern
403 2074 517 2145 perculit
526 2074 652 2142 fractum
668 2088 759 2138 manu,
814 2072 818 2087 ¹

66 2146 201 2194 resolvens
219 2144 347 2196 Onossioe
368 2144 374 2213 Ι
394 2147 483 2197 tristia
500 2156 570 2195 tecto
589 2143 692 2193 domm.

69 2213 267 2265 disertissimus
284 2212 337 2265 ille
354 2208 509 2265 dcsMetris
526 2212 666 2280 scriptor,
686 2202 878 2263 Terentionus

71 2282 101 2331 in
121 2282 183 2350 ipso
201 2282 263 2333 fine
280 2281 388 2352 operis,
409 2298 442 2331 ex
459 2276 657 2333 duobus·colis
674 2295 756 2327 unum
773 2294 879 2334 versum

60 2349 136 2399 clure
154 2358 291 2415 testetur,
319 2366 401 2401 cuius
418 2348 532 2414 locum,
563 2349 600 2399 ob
624 2345 802 2415 singularem
820 2346 879 2396 viri

52 2428 117 2468 rtem
136 2427 164 2467 et
182 2418 368 2487 elegantiam,
398 2417 545 2487 integrum
562 2414 611 2468 hic
627 2414 795 2479 subiiciunt,
825 2410 879 2463 uhi

57 2486 228 2555 eloquitur,

64 2572 118 2603 non
136 2558 255 2605 trimetro
273 2548 354 2607 talem
370 2548 495 2623 Euodum
514 2564 661 2623 comparat.

56 2625 150 2672 emetri
162 2638 266 2689 portem
279 2624 441 2691 dactylicum
457 2624 561 2685 subicit,

56 2710 69 2740 e
89 2693 220 2742 dimetron
238 2693 273 2742 od
292 2692 358 2754 hou
379 2692 385 2762 Ι
406 2708 552 2760 unumque
570 2702 682 2741 vertum
700 2676 833 2757 reddiditt

52 2762 68 2826 i,
90 2760 164 2810 nihil
184 2776 238 2829 me,
258 2761 333 2813 sicut
352 2760 544 2827 uritec,.iuvct
709 2817 715 2831 1
805 2756 808 2761 ’

52 2831 114 2879 bere
133 2828 286 2881 versiculos
307 2830 312 2899 Ι
334 2847 431 2883 umore
451 2826 618 2898 perculsum
637 2826 726 2893 uruit·

52 2898 124 2964 elque
142 2912 166 2947 et
184 2900 256 2948 istud
267 2898 384 2965 structus
402 2910 450 2947 est.

52 2984 112 3033 tque
129 2967 242 3031 Epodon
261 2984 315 3017 non
332 2968 451 3029 trimetro
470 2958 605 3019 reddidit:

53 3050 159 3083 versum
171 3032 281 3084 heroum
297 3036 382 3085 voluit
397 3036 567 3102 praemittere
585 3040 676 3093 totum,

52 3122 57 3151 ι
75 3104 216 3151 dimetrum
233 3102 354 3153 conlocat
373 3102 379 3165 Ι
401 3117 554 3169 summoque
572 3097 734 3163 dactylicum
740 3104 753 3157 Ι

52 3172 94 3232 iic,
114 3184 142 3219 ot
155 3184 225 3232 onte,
246 3186 341 3222 versus
353 3186 426 3222 unus
444 3184 474 3219 ut
487 3169 575 3233 soret.-

51 3239 108 3289 ride
125 3246 276 3307 tempestus
289 3237 400 3303 coelum
414 3236 564 3303 contruxit,
583 3234 612 3285 et
625 3226 730 3285 imbres

51 3323 124 3376 isque
144 3304 291 3358 deducunt
307 3308 404 3361 lovem
425 3307 432 3376 Ι
454 3323 532 3358 nunc
550 3318 628 3355 mere
647 3296 841 3369 nunculium.

52 3376 121 3443 rgol
163 3376 260 3427 iamne
294 3375 387 3444 vides,
435 3375 467 3427 in
504 3382 609 3444 quanta
642 3368 744 3421 herum
783 3380 882 3419 rerum

51 3461 99 3495 ine
136 3444 239 3496 versati
274 3444 348 3511 sint,
393 3444 444 3515 qui
479 3460 530 3514 per
565 3442 710 3507 integrum
739 3436 804 3495 ,ium
840 3454 881 3487 se·

78 3512 150 3563 duco
191 3508 347 3579 Lambiuo,
396 3512 537 3565 editiones
569 3500 635 3561 iuss
675 3502 730 3558 hoc
771 3501 879 3557 emble-

51 3580 252 3635 ihouesterunt.
312 3582 388 3639 Nutu
421 3572 498 3655 quod
529 3576 626 3650 creuit
653 3575 777 3647 optimut
808 3570 880 3623 Tor·
