2250 3990
57 202 60 207 ,
285 138 538 191 sersrournrer
566 142 641 189 urs.
677 125 710 199 1,
747 143 777 194 e.
889 122 892 127 ’
946 132 1012 207 623

57 231 213 517 ἕῑιηίω
221 239 343 300 spectet,
364 231 400 285 ad
417 230 523 297 plenius
537 242 726 299 nequequam.
750 230 795 282 Ite
812 220 918 285 (tieem
936 231 1015 289 hm

102 303 155 353 iun
177 317 225 352 ere
242 298 327 365 solet,
347 300 456 366 planius
474 311 499 348 et
517 298 649 365 apertius,
675 300 839 364 apertissime
857 319 889 353 ao
905 303 1009 371 planis-

95 380 122 421 ·.
184 386 268 422 emen
291 368 390 419 nescio
408 367 566 436 quomodo,
597 366 702 417 reiecto
727 367 781 418 hee
801 370 930 437 priorum
949 374 1011 425 edi·

78 432 85 441 '
110 454 163 491 um
179 437 338 507 scripture,
368 437 426 486 iem
444 434 508 505 plus
524 434 638 487 saeculo
657 434 688 485 in
706 434 837 489 omnihus
858 439 939 492 libris
956 444 1009 495 do·

111 519 178 561 stur
196 504 249 556 ille
269 504 358 556 altero
378 504 496 554 Plenius.
532 503 609 622 quid
627 520 693 571 nos,
721 504 771 575 qui
790 516 923 559 nontam
942 512 1010 561 eucss

97 574 176 642 'esee
195 590 281 643 quem
298 572 410 624 ratione
428 572 493 623 duci
512 589 542 625 so
556 572 657 624 emus?
692 573 846 626 Enimvero
866 584 915 629 sut
933 576 1011 631 nihil

101 642 191 709 'mus‚
229 650 278 692 eut
302 642 384 711 prior
408 640 461 692 illei
485 640 730 692 huc'revocenda
755 652 794 693 est
818 646 1009 715 postliminio,

126 712 240 765 scilicet
256 710 365 761 euctosi
383 710 570 777 agnoscende.
605 711 665 760 Hoc
683 711 761 761 enim
779 712 829 761 hio
847 712 1009 781 praedicet:

73 784 77 791 '
97 780 249 833 honestum
267 786 295 829 et
311 787 409 846 turpe,
432 776 503 828 utile
522 786 550 828 et
567 776 751 847 damnosum,
778 780 883 833 melius
901 781 1023 845 discere¹
1047 812 1050 819 ·
1090 824 1096 833 ,

57 848 223 907 &Homeri
240 848 375 914 exemplis,
395 862 480 915 quom
498 862 532 896 ex
549 846 698 898 Crantoris
715 856 744 899 et
761 847 915 919 Chrysippi
933 866 1012 919 prae-

57 911 143 987 biplic.
185 916 270 983 Atqui
294 932 327 967 es
350 915 392 966 sis
410 926 438 965 et
457 914 546 965 virtus
565 914 696 985 Exempli
714 924 770 982 est,
791 927 829 968 -ut
848 934 910 969 rem
929 932 1023 986 sper»

57 984 159 1051 fluet
176 984 284 1052 planius
300 982 437 1053 explicet3
471 1000 528 1035 uon
553 982 652 1052 utique
673 985 782 1052 plenius
805 994 834 1037 et
858 988 1026 1056 copiosius..

57 1052 215 1109 lectorati
233 1054 409 1105 Herennium
429 1052 467 1102 tv
509 1066 552 1120 49.
587 1052 746 1121 Exemplum
765 1070 820 1104 rem
837 1056 1012 1123 apertiorem

57 1120 137 1189 ferit,
170 1132 228 1172 cum
251 1122 281 1171 id
303 1120 373 1190 quad
395 1120 430 1170 sit
455 1092 592 1171 ohscurius
607 1124 703 1187 'mergis
727 1121 888 1174 dilucidum
907 1124 1013 1174 reddis:

57 1204 121 1253 nne,
134 1191 226 1241 oculas
242 1208 297 1240 rem
313 1191 394 1256 ponit,
412 1206 473 1238 eum
490 1189 614 1255 exprimit
631 1193 722 1240 omnia
742 1194 909 1261 perspicue,¹
920 1204 950 1245 ut
968 1209 1013 1242 res

57 1258 129 1327 dicta
143 1276 224 1325 prope
242 1276 323 1308 manu
340 1258 439 1308 tentari
453 1260 545 1323 possit.
574 1256 649 1324 Ergo
668 1256 724 1308 huc
743 1260 878 1313 convenit
896 1260 1012 1325 Planius

57 1326 139 1389 Risit,
166 1335 195 1377 et
210 1325 252 1391 pic
273 1326 324 1377 elii
342 1327 514 1394 frequenter.
541 1323 662 1376 'Cicero
685 1326 717 1375 in
739 1330 855 1380 Verrem
877 1328 936 1397 111,
957 1338 1011 1395 -85,

89 1398 119 1461 ἐ,
137 1394 189 1459 die,
206 1396 303 1463 inquit,
321 1395 439 1460 planius.
474 1394 518 1444 De
536 1393 657 1445 Oratore
675 1394 713 1461 ΙΙ,
733 1405 775 1457 80.
812 1397 912 1462 Possis,
930 1396 1013 1448 semel

96 1462 234 1515 obscurius
250 1464 359 1525 dixeris,
378 1462 465 1511 dicere
483 1462 538 1517 aiio
556 1460 614 1511 loco
629 1462 745 1528 planius.
771 1470 800 1513 et
818 1465 866 1532 111,
889 1479 929 1533 15.
966 1467 1012 1516 Itu
1074 1513 1077 1521 ,

122 1532 278 1601 plerumque
302 1532 355 1599 ipsi
379 1530 486 1593 docent,
519 1541 548 1578 nt
574 1545 627 1578 nen
650 1529 782 1581 desideres
804 1533 914 1599 planius
939 1532 1011 1585 dici:

132 1600 172 1651 ul.
190 1600 243 1665 IV,
261 1614 287 1667 5.
327 1596 369 1647 Tu
386 1610 487 1657 tasnen,
509 1609 539 1645 ut
554 1596 640 1664 soles,
660 1597 732 1648 dices
748 1600 801 1648 ista
820 1601 880 1667 ipsa
900 1600 1048 1652 obscura''

117 1670 178 1733 “ses,
205 1684 284 1736 quam
303 1666 428 1733 dicuntur
445 1684 462 1714 a
480 1664 598 1715 Graecis.
634 1662 798 1729 Lactantius
825 1668 861 1719 de
886 1667 1012 1736 Opificic

130 1754 155 1788 c.
175 1753 217 1788 ar.
256 1735 332 1784 Tunc
349 1746 374 1784 et
391 1750 439 1800 ega
457 1745 489 1783 te·
504 1733 540 1782 ad
557 1750 637 1784 verae
656 1732 846 1801 Philosophiae
863 1735 1014 1789 doctrinam

58 1852 61 1857 .
94 1804 209 1883 ¹plemius
226 1804 253 1853 et'
267 1804 356 1853 verius
373 1801 539 1853 cohortabor.
572 1833 579 1849 s
610 1792 615 1816 ⁸

57 1865 133 1995 Rp.
155 1871 229 1938 Quid
247 1869 347 1921 Paris?
364 1882 393 1920 ut
409 1870 501 1921 salvus
518 1869 621 1943 regnet]
642 1868 840 1940 Expendemus
855 1870 1015 1945 piuilisper

122 1959 151 1993 m
170 1948 332 2009 integrum:

68 2002 94 2039 ²²·
125 2010 244 2061 Antenor
260 2018 347 2059 censet
363 2007 429 2058 belli
442 2006 596 2075 praecidere
615 2023 746 2058 caussam.

126 2076 202 2195 grid
220 2076 322 2127 Paris?
339 2088 369 2125 ut
384 2076 476 2127 salvus
492 2086 586 2143 regnet
600 2076 726 2145 vivatque
743 2076 844 2143 leatus,

57 2160 78 2195 .·
149 2147 195 2211 ogi
210 2162 286 2212 posse
304 2158 394 2210 negat.
440 2182 443 2187 .
853 2178 856 2183 -

64 2210 118 2265 vsi
151 2214 258 2265 rimum
277 2212 466 2282 iuterrogatio
484 2212 536 2265 ills
560 2194 634 2280 Quid
658 2210 758 2263 Paris?
789 2220 920 2265 oosemm
942 2210 1014 2283 quid

69 2288 123 2333 ets
143 2291 266 2333 ectetum
284 2298 352 2351 prae
372 2298 401 2331 se
417 2282 490 2334 fort:
510 2279 562 2331 itta
579 2296 646 2331 vero
665 2280 819 2349 sequentia,

130 2349 222 2419 Negat
238 2367 314 2417 posse
332 2351 401 2417 cogi,
419 2362 448 2398 ut
467 2348 559 2398 salvus
582 2360 682 2413 regnet,
699 2349 825 2415 vivatque
844 2346 945 2412 leatus,

72 2414 180 2471 sltturde
198 2417 284 2487 plane
301 2424 413 2468 suntet
432 2425 549 2467 naturae
566 2416 764 2483 repugnantis.
799 2416 864 2466 Non
888 2415 967 2466 enim
984 2415 1016 2469 vi

57 2498 133 2555 --pptts
150 2496 204 2553 est,
234 2494 267 2536 ut
283 2485 375 2537 solvus
392 2483 455 2553 quis
474 2492 502 2535 et
519 2484 615 2535 beetur
631 2478 701 2534 sulit
718 2481 829 2535 rivere:
858 2490 957 2551 sponte
978 2482 1016 2535 si·

86 2552 176 2607 ”dem
195 2563 224 2606 et
237 2562 327 2623 ¹motu
347 2554 437 2621 enimi
462 2550 624 2607 voluntario
642 2549 678 2602 ad
698 2550 864 2603 bentitetem
881 2549 1013 2621 ferimur,

140 2632 311 2675 nosnatura
330 2621 451 2673 ducente
471 2628 498 2672 et
518 2620 652 2675 docente:
1009 2620 1011 2625 '

130 2684 232 2751 Οὐδεὶς
253 2685 323 2743 lude
339 2684 472 2755 πόνηρος,
490 2681 551 2741 oii’
569 2681 644 2739 ἄκων
661 2681 762 2753 μάκαρ.

73 2750 127 2811 'trs
141 2776 204 2812 sum
222 2759 333 2811 nescius
349 2758 451 2811 tudere
468 2757 523 2829 hic¹
534 2757 720 2829 interpretes,
742 2760 780 2805 ct
804 2771 920 2808 omnem
943 2756 1018 2826 lepis

72 2816 129 2879 lm
146 2836 270 2893 vertere,
302 2836 334 2877 ut
357 2826 446 2877 elium
463 2828 574 2880 sensum
593 2840 626 2875 ex
642 2824 687 2877 his
704 2824 798 2875 verbis
814 2832 1015 2895 extorquerem

68 2934 72 2941 .
120 2894 177 2948 lem
207 2894 317 2947 scilicet
344 2896 385 2947 sis
409 2895 469 2963 ipse
494 2892 649 2947 sententiae
676 2900 833 2945 monstrare
857 2893 1016 2948 videbatur.

102 2963 255 3018 dirustss:
274 2973 382 3034 pugnet
400 2965 478 3014 enim
498 2961 687 3018 constructio.
706 2969 735 3011 et
753 2962 814 3027 cogi
831 2978 908 3030 passe
926 2976 1016 3029 negat,

72 3042 99 3082 st
112 3031 193 3087 eliud
212 3037 364 3101 quiequam
383 3032 466 3097 dicet,
487 3048 571 3099 quom
592 3040 665 3108 quest
682 3028 768 3081 modo
786 3032 1017 3085 memoresimus.

71 3096 180 3155 litinsm
199 3100 373 3170 exemplaris
390 3116 439 3152 sue
458 3099 563 3167 scripte
581 3098 747 3167 diligentius
771 3098 868 3167 paullo
886 3099 1019 3151 excussisss

69 3178 134 3237 sent,
154 3169 352 3239 potiusquam
369 3169 400 3219 in
414 3176 548 3236 corrupte
566 3167 688 3218 lectione
704 3163 871 3235 explicanda
888 3167 1018 3220 laborem

69 3230 182 3291 inessent
199 3246 352 3289 sumerent.
388 3235 480 3297 Nostri
499 3237 576 3286 enim
597 3234 666 3287 libri
690 3235 851 3303 veterrimi,
881 3236 1017 3288 Graeviu-

69 3318 126 3373 ntes,
145 3304 322 3376 Reginemis,
342 3303 495 3370 Leidensis,
515 3303 672 3371 Vossienus,
691 3302 880 3372 colbertinus,
899 3304 1014 3373 Regius,

67 3378 95 3427 st
111 3388 187 3425 unus
204 3390 220 3433 e
237 3370 366 3441 collegio
382 3372 501 3425 Serretes
517 3372 666 3425 Trinitatis
685 3372 755 3441 quod
774 3370 852 3423 clare
872 3374 1013 3439 exhibent,

65 3456 124 3497 non
141 3441 214 3511 quid.
247 3442 294 3494 Sic
311 3442 402 3509 igitur
419 3441 514 3497 locum
533 3442 659 3510 restitue,
678 3448 707 3493 et
723 3442 910 3511 interpuugc:

132 3510 252 3562 Antsrssr
267 3522 356 3563 seruet
371 3510 435 3561 belli
453 3510 604 3578 praecidere
620 3526 760 3561 caussam.-
889 3512 895 3527 '
