2250 3990
788 39 1095 51 ---————une—

339 217 544 269 ornuttsutt
577 220 652 268 nto.
685 202 711 267 t.
748 194 752 200 ’
944 210 1007 273 103

45 306 74 353 rt
91 300 228 368 verbnm,
260 301 352 372 quod,
381 310 414 353 ut
430 302 504 355 mihi
523 303 640 373 quidem
657 303 784 373 videtur,
816 312 907 363 totam
923 305 999 359 lunc

45 384 149 423 senam
162 368 297 441 deturpat
314 381 343 423 et
359 380 473 441 prorsus
491 374 668 443 corrumpit:

62 452 66 467 ¹
249 458 299 491 nac
316 442 438 491 comitam
456 442 580 507 abnegat,

99 506 249 577 Utcumque
266 522 370 559 mutata
386 520 504 575 potentes

135 576 213 627 Veste
232 577 326 627 domos
343 578 454 627 inimica
472 576 589 648 linquis.

45 641 154 762 uim,
171 645 198 697 si
209 645 337 697 Fortuna
354 645 453 763 linguis
471 646 567 699 domos
578 644 709 713 afflictas,
727 662 841 717 unaque
851 648 991 703 comiten-

45 728 74 763 ,ι-
145 721 245 763 nutem
262 714 331 782 Spes
348 722 376 765 et
414 713 490 780 ἰάθη
518 723 580 766 tum
597 716 724 792 profecto
748 733 845 769 omnes
869 718 989 781 omnino

45 778 199 847 traginas,
218 788 280 833 tem
299 781 350 833 fidi
368 780 471 849 antici,
492 800 578 855 quam
595 782 741 837 nfideles:
774 800 829 853 quo
847 784 922 837 nihil
939 786 989 838 ab·

45 844 139 899 udins
154 848 228 928 fingi
247 858 345 919 potest
389 851 487 918 Certe,
517 852 542 907 si
560 851 630 920 quid
647 850 746 923 rideo,
776 852 822 907 vel
839 852 910 923 hoc,
942 852 988 907 vsi
1068 850 1073 862 '

45 930 85 967 sss
102 914 240 969 dissimili
256 918 342 969 verbo
359 918 469 970 dictum
487 919 623 989 oportuit,
991 960 996 967 .

94 985 244 1054 Uestamque
261 1000 364 1038 mutata
379 1000 499 1056 potentes

130 1052 207 1105 Veste
224 1055 317 1105 damas
332 1056 443 1107 inimica
462 1056 564 1110 vertis:

45 1135 79 1172 te
95 1128 154 1189 est,
183 1125 318 1186 concutis,
345 1123 462 1191 affligis.
496 1127 578 1195 Spes,
598 1122 708 1194 inquit,
728 1131 757 1175 et
773 1122 856 1176 Fides
872 1138 987 1193 semper

63 1188 185 1257 colunt,
212 1192 353 1251 Fortunat
381 1207 474 1263 neque
497 1201 525 1245 te
549 1193 694 1258 deserunt,
723 1191 771 1246 sed
789 1192 877 1243 etiam
891 1192 924 1243 in
945 1191 987 1243 af·

47 1264 102 1311 ets
123 1257 225 1339 domo,
254 1276 320 1311 oum
339 1270 445 1313 vestem
461 1262 628 1329 mutaveris,
649 1270 744 1313 tecum
761 1268 896 1313 manent:
922 1258 985 1311 vtil-

45 1338 72 1377 ts
95 1333 202 1381 sutem.
215 1327 338 1387 infidum
362 1328 458 1383 stetim
482 1330 645 1398 diffugiunts
688 1330 795 1379 Seneca
818 1328 909 1398 Epist.
932 1327 982 1379 tx.

45 1390 163 1445 iurantes
180 1397 326 1447 amicorum
343 1398 421 1447 turba
439 1399 628 1450 circumsedet:
655 1398 728 1449 circa
752 1412 862 1449 eversos
885 1398 984 1462 ingens

45 1458 137 1513 titudo
154 1476 213 1515 est:
237 1477 262 1514 et
282 1466 344 1516 inde
364 1466 444 1517 amisi
452 1466 582 1535 firgiunt,
607 1466 675 1517 unde
694 1464 846 1533 probantur.
882 1466 921 1516 Ut
939 1480 983 1515 se·

45 1526 79 1581 el
97 1531 208 1599 diesm3
226 1532 284 1584 nisi
300 1534 469 1601 Fortunam,
489 1537 576 1587 etiarn
593 1551 658 1585 cum
679 1532 795 1586 adverso
813 1532 864 1599 sit,
884 1532 916 1583 in
935 1548 982 1583 ea·

45 1609 87 1651 tm
101 1607 200 1651 tamen
220 1618 276 1669 qus
293 1603 373 1672 prius
390 1602 476 1655 domo
500 1620 617 1654 monere
640 1600 755 1653 finxerit
770 1602 885 1654 Noster:
914 1598 980 1651 nul-

45 1679 82 1717 ιω
98 1666 147 1721 iric
164 1668 275 1721 exitum
292 1670 384 1736 video,
402 1687 497 1739 neque
514 1669 653 1740 q'uomodo
669 1666 810 1721 sententia
824 1668 993 1737 procedere

45 1734 121 1803 ussit,
150 1736 295 1806 intelligo.
331 1738 393 1790 Nisi
418 1738 505 1809 siquis
528 1739 644 1792 fortasse
669 1736 785 1789 satirico
807 1735 878 1787 haee
903 1736 980 1787 dicta

45 1802 143 1873 ccipias
190 1806 276 1875 Spem
294 1805 466 1876 Fidemque,
498 1814 531 1857 ut
555 1823 632 1858 nunc
649 1822 694 1857 res
713 1803 866 1857 hominum
883 1814 912 1853 se
930 1802 981 1853 hn-

45 1880 118 1991 fst‘rlt,
147 1846 307 1927 hortunam
329 1890 443 1944 semper
466 1874 614 1927 comitari:
642 1883 674 1925 ut
695 1880 783 1942 supra
807 1878 920 1943 questus
939 1878 980 1923 est

53 1952 76 1989 tt
98 1958 139 1993 tus
842 1972 844 1981 =
878 1958 881 1963 ’

91 1982 245 2078 Tranquilli
264 2012 385 2063 comitem
401 2012 527 2080 temporis
544 2030 600 2063 esse
618 2010 722 2063 Fidem.

89 2079 200 2129 Etcum
219 2080 338 2139 Fortuna
356 2094 460 2150 statque
478 2082 601 2149 caditque
612 2080 696 2145 fides.
945 2141 951 2153 .

45 2134 126 2197 Verum
147 2163 182 2198 eo
206 2156 289 2216 pacto
313 2166 370 2200 non
395 2163 423 2199 at
448 2150 546 2217 vulgus
568 2148 683 2214 infidum
703 2146 858 2214 legendum
876 2144 974 2211 fuent,

45 2210 74 2261 td
90 2214 156 2264 Tum
174 2217 281 2281 vulgus,
299 2217 345 2268 vel
362 2219 397 2267 Et
413 2218 520 2283 vulgus,
539 2216 585 2269 vel
603 2216 682 2268 aliud
700 2216 769 2285 qnid
786 2214 889 2267 simile.

62 2294 95 2349 29.
122 2284 214 2333 Sernes
237 2286 337 2335 iturum
360 2287 502 2335 Caesarem
523 2289 553 2336 in
578 2286 687 2335 ultimos
713 2282 794 2335 Orbis
815 2280 971 2347 Britannos]

45 2343 160 2402 iactenus
190 2352 329 2403 Fortunae
354 2354 414 2405 vim
441 2364 470 2406 et
497 2353 651 2422 potentiam
678 2351 862 2415 memoravit5
897 2365 976 2426 nunc

45 2422 215 2472 necationem
233 2421 360 2486 orditur,
383 2432 415 2472 ut
431 2439 542 2474 servare
560 2421 630 2473 velit
648 2420 797 2485 Caesarem
814 2428 841 2469 et
860 2420 976 2469 Exerci-

45 2498 90 2536 um.
124 2489 179 2540 Sed
197 2489 267 2557 quid
285 2490 360 2545 iilud
379 2499 434 2557 est,
469 2491 583 2540 Ultimos
607 2490 683 2541 orbis
699 2487 868 2538 Britannos?
902 2486 974 2536 Satis

45 2555 145 2607 tofecto
167 2566 230 2608 erat
246 2559 355 2609 ultimos
370 2560 514 2611 Britannos
532 2556 648 2624 dixisse,
669 2566 698 2609 et
715 2557 801 2625 longe
818 2554 975 2625 elegantius

45 2633 102 2678 sset:
120 2633 152 2676 ut
168 2626 230 2695 ipse
248 2625 319 2677 alibi
337 2626 431 2680 Germ.
450 2627 487 2694 tt,
507 2642 549 2685 ao.

217 2695 319 2757 Dacus,
339 2708 364 2745 tt
382 2693 479 2747 ultimi

167 2761 288 2815 Noscant
305 2763 420 2816 Geloni.
439 2789 474 2803 -

45 2828 105 2897 pist.
127 2831 152 2897 1,
171 2831 198 2883 6.

85 2899 161 3017 Qu?
178 2900 262 2951 maris
278 2910 417 2953 extremos
434 2900 539 2953 Arabos
557 2900 669 2951 ditantis
689 2909 714 2951 et
733 2896 838 2948 indos?

60 2968 106 3019 ist.
173 2985 196 3021 1.

45 2984 59 3037 p
84 3007 207 3102 impiger
225 3043 364 3090 extremos
384 3039 470 3090 curris
487 3050 617 3107 mercato-r
635 3036 670 3090 nd
687 3033 780 3095 Indos.

45 3121 62 3156 c
79 3105 177 3157 Germ.
196 3104 220 3170 I,
239 3106 281 3172 36.

84 3172 142 3240 Qui
161 3190 232 3223 nunc
249 3173 388 3243 Hesperio
404 3193 494 3243 sospes
512 3176 544 3226 ab
561 3173 673 3227 ultima.

58 3242 98 3307 11,
122 3247 162 3300 ¹8·
604 3282 608 3287 .

82 3310 216 3359 Fremant
232 3309 370 3361 columnas
387 3310 491 3364 ultima
508 3313 607 3364 recisas
624 3311 732 3367 Africa·

45 3377 120 3447 irgil.
142 3378 248 3448 Georg.
270 3378 292 3444 Ι,
314 3394 357 3446 30.

236 3448 287 3498 tibi
302 3450 403 3499 serviat
419 3447 524 3501 ultima
540 3446 642 3503 Thule·

45 3534 87 3570 sn.
107 3515 174 3585 XII,
193 3527 254 3585 334.

240 3588 324 3655 gemit
340 3584 443 3639 ultima
463 3584 543 3653 pulsu
