2250 3990
399 184 601 228 cruminam
639 148 710 230 ine.
746 166 772 233 i.
1024 170 1067 235 23

92 265 210 336 Nempe
232 265 381 337 corrigere
404 267 506 320 locum
527 266 682 321 voluerunt
706 266 742 319 ed
767 265 894 319 eliorum
920 268 1062 338 exemple-

92 333 174 385 rium
192 334 288 387 fidem.
335 339 372 389 At
393 354 447 388 eur
470 352 528 387 noo
548 336 644 405 potius
662 335 803 403 legemus,
836 335 979 391 levissime
996 337 1060 409 qui-

93 402 160 455 dem
175 404 349 473 mutatione,
367 405 509 457 sententie
525 414 620 456 eutem
638 403 883 475 commodissima:

385 474 445 547 heu,
456 476 558 542 quoties
567 472 658 538 fidem

154 539 338 611 oneratosque
355 543 419 593 deos
429 544 529 610 flebit!
547 554 573 593 et
592 558 691 609 aspera

192 609 297 676 Nigris
315 628 430 679 aeqrwra
447 612 535 663 ventis

227 680 267 729 Ut
285 680 429 729 mirabitur
447 679 584 731 incolens!

86 746 198 797 uorum
216 745 294 798 illud
313 746 432 816 Virgilii
450 755 499 813 est,

159 814 282 878 vividi,
301 828 331 865 ut
367 818 434 869 erii!
451 829 479 867 ut
497 832 538 867 me
555 815 643 868 malus
659 812 771 867 obstulit
787 814 881 865 error!
927 862 932 873 ,

85 880 124 933 Et
139 880 239 934 Catuli
254 834 371 950 vati,
723 878 741 913 '-
808 940 815 955 ‚

190 952 229 1003 Ut
247 951 300 1001 riti
316 964 373 1001 tum
392 964 447 1002 toto
466 965 572 1018 pectore
588 952 723 1005 sollicitae
808 992 812 999 .

152 1020 285 1073 Sensibus
302 1021 401 1085 ereptis
418 1028 491 1071 mene
510 1020 625 1071 excidit!

83 1088 120 1139 Et
135 1086 205 1140 loco
225 1100 257 1137 ut
273 1086 416 1140 facillime
433 1088 569 1157 obrepere
586 1089 694 1169 potuit,
714 1089 781 1158 quie
800 1086 895 1159 prime
913 1086 1050 1159 euiueque

57 1172 60 1177 ·
83 1172 179 1209 veruti
197 1154 285 1208 litera
302 1155 375 1209 olim
391 1166 483 1209 numo
503 1157 726 1211 descnbieohtu
743 1167 800 1223 est3
828 1166 913 1227 etque
939 1157 1004 1215 ideo
1032 1174 1051 1211 ι

83 1222 213 1277 librariis
231 1224 402 1295 plerumque
419 1226 612 1294 omittebatur,
632 1227 667 1279 eb
685 1226 750 1278 aliie
764 1234 863 1296 ,postea
878 1224 1052 1297 supplenda.

84 1292 150 1345 Huc
177 1292 267 1361 adde,
305 1295 380 1365 quod
404 1294 437 1346 in
461 1302 568 1348 vetuste
590 1295 717 1348 editione
740 1294 848 1347 Donati
873 1296 1048 1365 Argentinee
1101 1362 1105 1367 ι

57 1406 59 1413 .
85 1360 199 1414 otum.
220 1378 282 1414 nou
301 1364 458 1415 emirabitur
474 1362 617 1431 invenies,
636 1365 686 1416 sed
705 1376 731 1415 et
751 1364 912 1425 mutabitur,·
938 1364 971 1417 iu
989 1380 1046 1435 quo

57 1420 202 1501 ''reetigie
218 1432 332 1501 priscae
345 1431 480 1485 iectionis
499 1431 680 1503 aliquetenus
697 1440 803 1491 extent.

366 1532 424 1598 VI.
475 1552 528 1598 so
556 1552 767 1599 ueniretur.

119 1644 144 1701 3.
169 1636 260 1706 Quam
285 1657 341 1690 rem
368 1654 478 1706 cumque
495 1638 580 1704 feror
600 1639 715 1688 navibus
740 1652 787 1689 aut
813 1640 889 1709 equis
910 1638 996 1691 Miles
1021 1651 1049 1691 te

94 1704 149 1757 duee
170 1708 296 1774 gesserit]
336 1710 442 1759 Vereor
466 1714 499 1756 ut
523 1714 602 1757 recto
626 1705 687 1758 tela
706 1715 779 1757 stare
798 1709 885 1776 poerit
901 1706 1049 1760 haec-lee-

97 1773 143 1833 tiet
159 1773 229 1827 licet
245 1779 342 1844 prime
359 1776 456 1825 fronte
472 1791 541 1826 suna
560 1788 619 1826 esse
635 1773 780 1837 videatur3
801 1782 830 1827 et
848 1790 916 1825 curn
933 1776 966 1826 in
986 1775 1047 1844 ple·

97 1840 175 1911 litque
191 1844 325 1897 amnibus
343 1842 442 1908 libris,
470 1850 533 1893 tum
555 1851 585 1894 et
607 1840 648 1893 in·
659 1841 807 1893 Victorino
831 1840 873 1893 eie
895 1842 982 1894 hodie
1000 1859 1047 1894 er·

57 1948 68 1967 ..
98 1918 179 1990 tet-p.
199 1916 277 1977 2614„
313 1912 392 1982 Quid
418 1910 516 1964 enim?
556 1912 601 1963 Au
625 1928 816 1979 quemeumque
840 1926 902 1961 rem
927 1910 1046 1978 gesserit

57 1990 80 2047 ει,
100 1982 222 2051 Agrippa,
256 1998 316 2033 erre
339 1980 515 2032 mediocrem
538 1979 598 2031 sire
619 1978 827 2032 leviculum-et
849 1977 960 2029 nullius
984 1996 1044 2032 mo·

57 2077 71 2108 ,ι
101 2050 185 2119 uenti,
216 2049 337 2118 dignum
364 2048 491 2100 Maeonio
511 2049 635 2099 Carmine
659 2056 861 2118 argumentum
887 2047 962 2100 erit?
998 2052 1043 2100 An

57 2144 82 2191 ς..
103 2112 174 2168 l'ietor
191 2119 248 2171 erit
266 2116 400 2182 hostium,
422 2119 533 2170 etiamsi
552 2118 621 2167 rnale
638 2134 701 2169 rein
719 2117 855 2185 gesserit?
882 2116 979 2170 nullus
997 2116 1041 2168 di-

57 2213 70 2241 e
99 2184 163 2241 teris.
205 2187 341 2239 Proiecto
367 2185 563 2254 Qiramramque
587 2204 642 2236 rem
666 2188 780 2252 gesseris
803 2202 862 2237 non
889 2194 955 2237 sunt
979 2187 1041 2237 eius

57 2279 68 2310 e
99 2254 178 2322 verbe,
204 2256 256 2325 qui
275 2254 372 2305 laudat
389 2255 562 2324 Agrippam
588 2255 637 2306 sed
656 2255 842 2324 vituperantis
861 2256 970 2325 potius,
996 2255 1042 2304 ni·

57 2348 79 2379 2.
98 2314 176 2389 hiique
201 2325 304 2393 magni
338 2323 371 2373 de
400 2341 433 2374 eo
460 2323 632 2391 pollicentis,
690 2324 791 2374 Cicero
824 2323 860 2373 od
886 2322 1044 2375 Lentulum

58 2429 66 2437 -
98 2384 166 2455 Epist.
183 2393 213 2461 I,
234 2411 261 2460 9.
299 2391 359 2440 Hac
377 2393 488 2442 accessit
505 2393 734 2441 rarnrnemoranda
752 2392 882 2460 quaedam
903 2404 928 2442 et
944 2392 1039 2441 divina

58 2506 61 2513 ,
100 2453 201 2512 Caesaris
218 2463 250 2510 ia
269 2478 309 2508 me
319 2459 486 2528 fratremque
504 2478 588 2509 meum
608 2461 771 2523 liberalitas,
794 2462 838 2527 qui
856 2459 936 2522 mihi,
956 2475 1037 2525 quae·

57 2546 62 2581 τ
98 2536 196 2597 cumque
214 2546 261 2579 res
281 2536 405 2596 gereret,
434 2530 546 2589 tuendus
565 2542 649 2578 esset:
678 2544 748 2577 nunc
764 2529 794 2577 ia
811 2539 888 2577 tanta
901 2528 1038 2594 felicitate

57 2631 60 2639 .
96 2598 206 2665 lautisque
225 2597 357 2660 victoriis,
377 2598 482 2647 etiamsi
499 2599 528 2645 in
545 2615 594 2647 uos
611 2615 664 2646 non
680 2599 703 2646 is
721 2609 788 2646 esset
806 2597 851 2663 qui
872 2608 925 2659 est,
946 2608 1037 2647 tamen

95 2667 210 2716 emanans
236 2666 380 2716 videretur.
425 2664 481 2717 Ubi
506 2665 571 2716 luce
595 2664 657 2733 ipsa
675 2663 780 2715 clarius
799 2672 840 2714 est
860 2680 1037 2733 quoscumque

94 2743 122 2780 res
136 2733 173 2785 ite
192 2733 302 2803 opnoni
320 2736 403 2784 tantis
419 2735 548 2797 victoriis,
566 2742 598 2784 ut
618 2750 717 2802 pervus
735 2730 874 2801 maximis,
894 2731 970 2784 male
989 2750 1037 2800 ge·

69 2804 131 2851 'ties
147 2797 314 2852 felicis'sime
334 2802 426 2870 gestis.
464 2802 600 2853 Libenter
624 2803 720 2868 itaque
745 2817 862 2868 sequor,
894 2817 979 2871 quem
1002 2817 1037 2851 ex

89 2867 131 2921 uie
145 2870 230 2922 libris
249 2870 380 2921 Muretus
397 2870 550 2921 lectionem
570 2870 699 2941 protulit,
722 2872 783 2919 Ver.
809 2870 887 2922 Lect.
906 2872 954 2939 IX,
976 2887 1003 2941 7.

143 2938 207 3005 Qua
225 2956 280 2989 rem
298 2938 514 3008 cumqueferon
532 2939 644 2988 navibus
662 2951 709 2988 aut
726 2937 808 3005 equis.
953 2947 956 2952 “

88 2999 257 3076 Quacumque,
277 3006 332 3059 hoc
351 3016 399 3061 est:
420 3008 479 3059 eive
497 3009 565 3056 mari
583 3006 641 3058 sive
659 3019 748 3056 terro:
767 3004 798 3057 id
815 3007 895 3056 euim
915 3003 970 3057 sibi
987 3020 1037 3057 vo·

86 3066 137 3126 luat
154 3076 269 3126 navibus
288 3088 335 3125 aut
355 3078 435 3145 equis.
472 3074 572 3125 Florus
592 3075 637 3139 II,
659 3091 682 3129 2.
721 3070 844 3124 Ostendit
867 3075 937 3124 nibil
954 3077 1037 3125 inter-

85 3154 127 3193 tue
144 3144 267 3207 virtutis,
296 3146 370 3213 equis
388 3163 424 3195 on
447 3144 576 3206 navibus,
604 3156 674 3193 terro
700 3159 735 3191 an
761 3144 829 3193 mari
851 3144 1033 3194 dimicaretur.

85 3204 170 3264 Livius
186 3212 299 3277 XXIII,
318 3224 361 3280 40.
404 3211 560 3262 Navalibus
576 3213 657 3261 sociis
676 3214 802 3275 armatis,
833 3224 862 3261 ut
887 3226 960 3263 terra
980 3229 1036 3261 rem
1085 3220 1090 3228 ’

84 3294 181 3340 gereret.
219 3280 354 3349 XXVIII,
383 3296 424 3349 23.
465 3283 500 3331 Ut
524 3292 597 3329 terra
623 3281 741 3346 errorique
765 3283 898 3330 communi
921 3281 1045 3337 consilio,

84 3360 127 3399 tem
141 3362 276 3417 gererent.
320 3350 413 3421 Nepae
431 3350 463 3401 iu
482 3346 605 3411 Hamilc.
625 3349 648 3397 Ι.
691 3348 763 3400 Cum'
776 3362 837 3398 onte
857 3352 915 3399 eius
934 3351 1034 3399 adven·

83 3426 128 3466 tum
145 3434 170 3469 et
189 3422 260 3469 mari
277 3432 303 3469 et
320 3431 393 3469 terre
411 3420 540 3469 moderes
558 3428 719 3483 gererentur.
764 3419 839 3470 Rem
866 3425 962 3469 eutem
987 3428 1042 3485 ge·'

82 3499 144 3555 rere,
161 3488 227 3541 sine
246 3486 381 3559 epitheto·
394 3484 439 3539 v'el
458 3485 602 3550 adverbio,
621 3484 763 3539 dicebant.
805 3484 935 3539 Valerius
953 3484 1032 3538 Max.

78 3553 118 3622 li,
143 3568 169 3625 7.
189 3570 234 3611 ιο.
287 3556 362 3608 Gum'
381 3556 455 3626 apud
463 3552 642 3607 'Contrebiam
664 3573 707 3610 res
723 3567 870 3626 gereretur.
921 3550 1036 3605 Plinius
