2250 3990
48 204 51 211 ,
102 138 145 202 26
179 184 182 189 -
305 135 308 138 ’
349 122 352 126 ’
390 154 615 213 emolliret
646 156 776 199 resecr
816 131 825 193 .’

38 258 47 281 ι
103 245 300 290 commentum
317 253 375 291 esre
393 236 461 290 iure
473 239 633 310 suspiceris.
690 239 802 292 Fecerat
826 248 923 295 autem
940 252 1067 313 quatsm

95 307 211 379 ,habent
230 308 342 359 codices
361 324 427 360 curn
445 308 619 367 editionibus
637 308 755 378 primis:
771 310 922 379 fluorem,
943 314 1004 381 ait,
1023 324 1089 369 ton·

102 375 193 427 iidem
211 377 301 442 annis,
321 386 390 446 quot
399 377 510 443 fecerat
524 378 583 428 sive
602 386 754 446 scripserat
764 378 905 433 Homerus
922 382 1065 437 dumhel·

102 443 133 498 lo
152 442 315 497 instantem.
353 444 485 497 Tibullus
504 446 547 509 ΙΙ,
568 463 593 514 3.

172 512 280 563 Praeda
296 532 365 581 vago
383 514 461 565 iussit
478 518 624 581 geminare
663 511 773 565 ericula
790 521 904 583 ponto,-

221 583 326 632 Bellica
343 600 403 633 cum
420 583 509 632 dubiis
526 596 614 633 rostro
650 583 705 633 edit
723 581 852 632 retribues
932 590 935 595 '

101 650 156 703 Sed
174 666 240 703 ecce
257 650 288 701 in
307 650 393 703 aliam
410 651 469 701 iam
480 649 678 703 coniecturdm
691 650 791 715 incidi,
813 664 899 719 quam
913 660 1060 719 praestare

99 719 155 770 tibi
175 718 264 771 ausim
284 730 391 771 certam
410 718 432 769 li
452 719 614 788 uidamque'.
652 719 726 770 Cum
745 719 824 770 euim
842 720 993 771 veterrimi
1013 736 1074 773 eu·-

98 788 177 909 plices
189 787 413 856 Gemblacensis,
432 738 595 858 lipsiensis,
614 791 738 841 Venetus
756 803 815 841 uno
825 802 966 840 consensu
975 804 1058 859 pree·

113 866 203 923 etant,

251 924 387 991 geminata
401 941 452 1003 per
470 926 580 991 agmina
600 939 690 993 ponto,

98 989 131 1043 in
148 991 208 1044 illis
225 995 323 1061 utique
340 994 466 1061 vestigiis
484 994 646 1057 emendatio
665 993 842 1046 instituenda
858 1000 909 1046 est.
936 993 1054 1064 Repono

97 1059 202 1129 igitur,
221 1062 407 1129 geminataque
424 1062 563 1131 Pergama
579 1077 669 1130 ponto.
707 1062 873 1132 Eleganter,
893 1069 924 1112 et
940 1062 1052 1130 argutis

96 1145 163 1180 vere
181 1128 353 1180 Maniliana.
389 1130 437 1181 Sic
454 1130 628 1184 Claudianus
645 1132 681 1184 de
699 1131 780 1185 Bello
800 1131 864 1187 Get.
888 1148 914 1182 v.
934 1126 997 1199 ‘387-
1048 1148 1051 1153 ·

118 1230 121 1235 »
166 1199 202 1247 Ee
219 1197 354 1249 Trebiam
371 1200 443 1249 socio
462 1199 650 1266 geminassent
660 1200 762 1266 sunere
780 1196 904 1252 Cinnae.

73 1282 75 1287 ·
97 1267 301 1337 Quaecumque
319 1282 386 1317 vere
403 1267 492 1319 fuerit
510 1267 610 1336 lectio,
640 1269 695 1321 hoc
721 1269 841 1321 interim
860 1265 1051 1332 certissimum
1087 1268 1089 1299 ²

95 1334 202 1401 haheo,
233 1333 308 1385 nihil
332 1333 411 1387 ahud
431 1336 588 1389 Manilium
611 1337 746 1404 voluisse,
776 1354 862 1406 quam
881 1334 989 1388 Ulixen
1008 1344 1049 1390 tot

95 1420 184 1455 annos
201 1404 233 1453 in
251 1418 362 1470 errore,
394 1414 463 1473 quot
482 1405 608 1457 inbelle
626 1406 820 1459 consumsisse.
874 1403 1048 1461 claudianus

94 1471 128 1523 iu
145 1471 243 1523 Laude
260 1470 390 1524 Serenae.
411 1491 435 1523 v.
457 1474 498 1525 26.
519 1474 554 1524 de
572 1474 671 1527 Ulixe:
1036 1490 1040 1498 '

293 1600 295 1605 λ
382 1540 447 1592 belli
462 1543 602 1613 pelagique
620 1544 733 1606 labores,

161 1606 200 1661 Ee
216 1610 326 1661 totidem
344 1611 419 1665 saeui
436 1610 536 1679 bellis,
556 1624 619 1681 quot
636 1611 788 1680 fluctibus,
808 1609 876 1675 anui
925 1640 928 1645 -

163 1679 291 1746 Coniugii
307 1680 419 1730 decuere
431 1679 528 1746 fidem.
589 1721 592 1725 .

67 1777 68 1780 ¹
93 1745 179 1803 Ouid.
199 1752 258 1799 Art.
278 1749 337 1813 ΙΙΙ,
359 1761 399 1812 15.

161 1818 210 1867 Est
229 1814 276 1884 pia
294 1818 439 1884 Penelope,
459 1817 550 1868 lustris
567 1824 680 1869 errante
697 1816 817 1870 duobus.

195 1887 231 1935 Et
249 1888 359 1935 totidem
379 1886 472 1935 lustris
489 1884 566 1937 bella
582 1888 690 1952 gerente
708 1888 777 1959 uiro,

89 1952 127 2005 Et
145 1955 242 2006 Amor.
261 1954 304 2019 11,
327 1970 349 2004 1.

160 2021 265 2088 Quique
283 2032 322 2069 tot
339 2019 476 2085 errando,
497 2032 559 2087 quot
575 2018 652 2071 bello
672 2021 790 2087 perdidit
808 2036 900 2072 annos.

88 2090 153 2141 Iam
170 2097 265 2140 eutem
284 2104 375 2157 neque
393 2087 462 2138 haec
480 2103 572 2155 neque
590 2087 665 2139 illud
683 2088 800 2140 Manilii
825 2089 860 2141 ad
885 2106 980 2149 cursus
995 2088 1048 2139 dra.

87 2158 173 2226 plicas
189 2155 307 2207 omnino
325 2146 450 2218 iaciurlt3
469 2166 552 2224 etque
570 2156 639 2208 adeo
658 2173 762 2225 priscos
779 2157 843 2209 iore
859 2156 1048 2223 credideriut,¹

88 2226 199 2296 quibus
210 2224 300 2275 Vossii
319 2222 459 2275 sententia
476 2241 537 2274 rem
555 2225 681 2292 attigisse
699 2224 837 2278 videatur.
874 2225 990 2295 Quippe
1006 2226 1040 2277 es

87 2305 171 2347 sensu
195 2292 289 2363 potius
313 2309 404 2342 cursus
427 2310 475 2359 per
500 2292 598 2359 duplex
621 2310 708 2358 mere,
740 2311 825 2361 quem
850 2294 972 2362 duplices
994 2310 1056 2361 per.

87 2380 162 2414 mare
179 2378 270 2412 cursus
287 2359 397 2412 dietum
415 2361 551 2430 oportuit.
587 2360 711 2430 Utraque
728 2362 818 2429 igitur
828 2360 1040 2433 interpretatio·

87 2439 203 2484 netem
223 2429 339 2496 duplicis
360 2420 463 2495 Ulixei,
494 2447 579 2499 quem
605 2448 698 2481 cursus
722 2431 856 2497 duplices,
883 2429 1038 2501 paullisper
1064 2480 1069 2493 ,

85 2500 225 2569 seposita,
251 2499 446 2567 experiamur,
478 2516 515 2550 an
533 2514 566 2548 ex
583 2499 748 2551 coniectura
767 2498 869 2550 melius
887 2500 1042 2569 quicquam·

85 2567 264 2638 suppeditari
282 2576 374 2635 possit.
392 2567 429 2617 Et
446 2576 477 2618 ut
495 2565 567 2618 milii
587 2566 702 2636 quidem
721 2566 842 2632 videtur,
861 2585 920 2619 non
937 2582 1041 2633 magne

85 2635 245 2689 mutatione
264 2653 322 2687 uon
339 2635 437 2706 paullo
457 2635 615 2703 elegantius
631 2644 680 2687 aut
698 2635 770 2687 dixit
794 2643 843 2688 aut
868 2636 966 2687 dicere
988 2652 1036 2705 po·

83 2714 142 2759 tuit
160 2706 270 2771 Noster,

133 2775 192 2843 ,Er
209 2790 301 2822 cursus
316 2770 429 2822 reducis
445 2790 493 2839 per
512 2790 585 2822 mare
607 2773 706 2823 Ulixei.

82 2842 126 2897 Ee
150 2858 217 2893 saue
241 2840 381 2909 Odysseae
405 2842 526 2893 materia
549 2849 602 2894 est:
632 2850 664 2893 ut
687 2848 765 2895 reete
788 2837 859 2892 alibi
876 2838 979 2891 Noster
1001 2836 1036 2891 de

82 2908 183 2975 Ulixe;
202 2909 290 2978 Epist.
313 2910 342 2973 Ι,
363 2925 387 2959 2.
942 2938 945 2947 ·

156 2979 306 3045 Letumque
323 2994 371 3043 per
388 2994 487 3045 aequor

158 3046 232 3098 Dum
247 3046 314 3108 sibi,
332 3044 395 3094 dum
411 3048 492 3096 sociis
511 3045 636 3101 reditum
652 3058 739 3116 parat.

76 3115 148 3169 'Non
165 3114 301 3166 satisfacit
319 3113 414 3179 itaque
432 3132 523 3166 cursus
543 3117 633 3167 Ulixei
658 3134 706 3183 per
729 3130 801 3164 mare
824 3110 860 3164 ad
885 3126 1035 3179 argumen-

81 3192 145 3236 tum
165 3182 305 3251 Odysseae
328 3180 529 3249 iudicandum,
560 3186 616 3235 nisi
642 3182 786 3235 addideris
811 3182 924 3231 reducis.
977 3177 1034 3251 Qui
1069 3176 1073 3187 '

79 3253 161 3305 enim
178 3268 212 3301 ex
228 3249 274 3301 his
292 3249 400 3315 verbis,
420 3250 475 3302 uisi
495 3252 612 3303 aliunde
629 3253 682 3305 tibi
702 3257 879 3319 compertum
899 3250 951 3314 sit,
987 3252 1036 3309 ρο·-

78 3322 149 3373 teris
168 3319 342 3389 dignoscere,
364 3326 497 3370 utrumne
516 3337 629 3373 cursum
647 3319 717 3374 velit
735 3320 770 3370 ab
789 3318 886 3369 Ithace
903 3316 1031 3383 Troiam,

79 3407 118 3442 an
136 3398 293 3439 retrorsum
317 3405 333 3438 a
351 3387 438 3439 Trois
456 3389 605 3441 Ithacam?
633 3390 663 3440 si
687 3405 802 3440 errorem
826 3384 944 3455 quidem
967 3400 1047 3449 curri,
1073 3436 1076 3443 ,

77 3456 185 3511 Ovidis
206 3455 385 3526 Munilioque
404 3456 533 3524 dixisset,
553 3457 585 3509 id
603 3460 644 3509 uti
666 3474 701 3509 ue
718 3456 835 3509 verbum
853 3453 919 3505 satis
956 3468 988 3503 er
1004 3467 1034 3503 se

75 3534 139 3581 tem
159 3524 329 3593 conficerem
361 3524 429 3596 qula
451 3534 528 3596 tum,
559 3542 626 3579 oum
673 3527 766 3580 roiam
790 3531 921 3593 peterer-
948 3520 1031 3587 lires,
