2250 3990
317 250 528 293 cinuruou
563 248 637 298 utu.
669 230 698 296 L
949 242 991 306 81
1044 280 1047 297 .

45 348 231 455 mplmm
254 348 387 405 praesens
412 334 457 384 sit.
504 334 531 385 Is
557 350 625 386 vero
649 332 710 387 iam
732 344 844 417 praesto
869 337 940 405 erit;
969 341 995 395 si

45 422 80 459 ro
140 422 184 469 ro,
216 402 298 454 utin
318 402 435 455 vetustis
451 401 804 475 libris=sinetespiretione
822 406 993 477 plerumque

45 472 139 545 egitur,
157 474 234 523 Euro
251 487 383 537 repones,
621 476 625 490 ·
700 488 704 497 =
941 470 945 479 “

92 542 193 593 Arttas
200 540 320 607 frondes
336 538 432 589 hiemis
447 538 538 589 sodali
553 539 669 591 Dedicat
686 542 768 591 Euro.

45 612 63 663 't
77 610 159 663 enim
176 609 254 659 veris
267 608 376 659 comites
390 615 458 659 siout
478 606 610 677 Zephyri,
631 608 727 661 Curru.
745 608 791 678 lv,
811 622 854 664 12.

48 710 51 715 ·
90 682 154 731 Iam
171 676 249 729 veris
267 675 394 743 comites,
414 692 481 743 quae
501 693 574 725 mare
592 689 749 745 temperant,

93 744 245 815 Impellunt
262 746 368 794 animae
387 744 471 793 lintea
488 743 639 795 Thraciae:
681 766 685 771 ·

45 812 185 869 tOrionis
202 813 299 864 Comes
316 820 357 863 est
374 812 463 863 Nottu
483 811 577 863 Germ.
600 813 621 881 I,
643 822 686 875 23.
734 848 763 879 t„
809 832 817 862 ;

94 882 142 935 Me
159 898 264 949 quaque
283 880 378 931 devexi
397 880 505 948 rapidus
523 896 617 933 comes
636 879 754 934 Orionis
805 887 808 893 “

126 950 252 1017 Illyricis
269 948 360 999 Notus
377 948 467 1003 obruit
484 949 580 999 undis:

45 1027 55 1075 t
72 1019 191 1071 Aestatis
209 1017 319 1067 comites
335 1017 455 1082 Etesiae,
476 1016 589 1068 Lucret.
610 1018 640 1085 V,
659 1032 720 1086 740.

91 1086 163 1138 tete
183 1085 239 1135 laci
253 1087 374 1152 sequitur
390 1085 466 1137 calor
485 1084 586 1147 aridus,
605 1096 631 1135 et
651 1100 744 1138 comes
761 1103 817 1140 una

95 1154 292 1204 Pulveritienta
313 1154 402 1216 Ceres²
421 1165 447 1202 et
466 1152 559 1203 Etesia
569 1152 666 1218 flabra
684 1154 861 1222 Aquilonum:

45 1242 65 1276 u
88 1222 184 1273 Eurus
203 1230 281 1273 recte
305 1220 410 1287 Hiemis
432 1220 535 1271 sodalis
560 1219 618 1271 dici
644 1223 767 1291 poterit3
803 1221 872 1277 num
893 1225 991 1287 hieme

45 1308 95 1347 um
113 1290 238 1343 maxime
256 1289 321 1345 flet:
340 1299 372 1340 ut
389 1286 528 1357 Virgilius
546 1288 650 1357 Georg.
670 1290 706 1355 11,
725 1298 786 1359 339.

179 1376 227 1408 uer
243 1358 314 1408 iilud
333 1370 399 1421 erat,
417 1375 464 1407 uer
481 1374 596 1424 mugnus
615 1357 713 1423 agebat

97 1423 188 1489 Orbis,
206 1439 234 1479 et
249 1422 378 1477 hibernis
394 1425 539 1491 parcebant
548 1424 667 1491 flatibus
685 1426 771 1481 Euri:

45 1494 73 1549 el
99 1497 124 1546 A
164 1493 221 1562 ilo,
255 1492 305 1565 qui
327 1494 422 1546 Po’e'tis
447 1493 526 1549 idem
549 1494 611 1545 fere
628 1508 662 1545 oc
680 1492 771 1547 Eurus
795 1500 850 1549 est:
883 1494 990 1569 yirqil.
1045 1548 1047 1553 .

45 1580 96 1617 ten·
161 1604 165 1611 ¹

93 1632 132 1682 Et
147 1632 277 1713 glacialis
291 1618 384 1685 hieins
401 1630 589 1700 Aquilonibus
606 1644 714 1700 asperat
731 1632 826 1684 undas.

45 1698 172 1753 totusue
187 1700 210 1767 Ι,
231 1716 275 1765 50·

95 1768 133 1819 As
148 1780 208 1819 curn
225 1766 371 1819 December
388 1784 472 1817 canus
488 1776 514 1816 et
529 1766 634 1820 bruma
651 1768 781 1835 impotens

131 1836 273 1907 Aquilone
291 1853 372 1886 rauco
390 1836 499 1901 mugiet.
913 1890 917 1898 Ι

45 1920 89 1959 tm
109 1913 205 1957 nutem
222 1903 292 1974 quid
310 1901 397 1970 aliud,
420 1918 532 1980 quaeso,
552 1918 671 1954 arescere
680 1902 797 1969 frondes
813 1908 841 1952 et
857 1900 994 1967 decideret

45 1972 108 2039 tait,
127 1972 183 2025 nisi
200 1972 280 2025 venti
297 1970 456 2023 hiemales?
475 1968 558 2022 Ond.
578 1970 668 2040 Epist.
690 1970 833 2025 Oenones.

93 2041 139 2093 Tu
156 2043 242 2092 leuior
251 2041 345 2108 foliis,
365 2052 421 2089 tum
440 2056 499 2089 cum
514 2040 573 2089 sinc
590 2040 707 2105 pondere
725 2039 799 2090 succi

140 2108 291 2160 Mobilibus
307 2109 399 2161 ventis
418 2107 499 2159 eride
509 2107 591 2175 sacta
608 2107 717 2159 volant:

45 2186 115 2248 tque
141 2178 235 2230 Eurus
259 2180 317 2231 sive
343 2176 447 2246 Aquilo
473 2175 656 2245 praesertim,
694 2184 728 2228 ut
757 2174 857 2245 virgil.
885 2175 994 2247 Θεοῖς.

54 2288 63 2316 ’
83 2263 229 2381 4i'iigitus
246 2327 272 2365 et
288 2315 365 2365 silvis
384 2314 478 2382 Aquilo
497 2314 613 2365 decussit
630 2312 767 2367 honorem.

45 2400 150 2437 everus
167 2388 249 2455 poete
270 2382 460 2435 Christianus:

99 2452 192 2573 {ruam
211 2452 302 2502 inultis
313 2451 395 2519 soliis
412 2452 484 2501 silva
502 2448 657 2501 cadentibus

133 2522 239 2585 udatur,
258 2520 358 2586 gelidis
374 2532 447 2583 tacta
467 2519 650 2589 Aquilonibus.

45 2593 106 2643 tum
122 2590 221 2657 itaque
242 2587 333 2639 Eurus
352 2596 379 2637 et
396 2586 499 2638 hiemis
518 2588 554 2638 sit
574 2602 684 2652 comes,
705 2593 733 2638 et
752 2583 868 2639 frondes
885 2587 995 2640 arbori·

48 2676 82 2711 us
102 2657 238 2722 decutiet,
260 2656 407 2707 etRomae
428 2671 540 2724 quoque
558 2664 587 2710 et
606 2654 699 2707 ubivis
716 2654 847 2723 gentium
864 2672 996 2725 praesens

45 2728 74 2793 it,
97 2734 131 2775 ut
151 2724 354 2775 convenienter
372 2725 398 2774 ei
413 2722 540 2773 dedicari
557 2723 627 2793 quid
645 2723 750 2795 possit;
768 2722 844 2773 nihil
861 2725 997 2775 obsistere

45 2796 126 2859 ideo,
148 2809 204 2861 quo
224 2792 319 2844 minus
336 2792 462 2843 fidenter.
474 2793 548 2840 Euro
566 2790 751 2860 corrigemus.
785 2792 876 2860 Atque
893 2792 925 2843 in
942 2793 997 2843 hac

45 2862 176 2916 ententie
193 2870 254 2911 eret
272 2859 318 2912 vir
334 2858 498 2928 ingeniosus
516 2859 599 2911 Ianus
616 2858 799 2928 Rutgersius:
825 2860 874 2911 cui
899 2868 997 2927 postca

47 2930 152 2984 acessit
171 2928 241 2980 Tan.
263 2929 368 2992 Faber3
397 2936 427 2978 et
448 2927 489 2978 sic
506 2944 573 2978 sane
591 2927 671 2978 locus
688 2945 705 2979 o
724 2926 871 2997 Scaligcro
892 2926 999 2979 citatur

45 2998 143 3052 'oetim
163 3014 191 3065 p.
210 3012 269 3064 340.
302 2997 395 3065 Quam
413 2994 546 3065 equidem
565 2994 680 3048 leudem
698 2996 840 3062 integrum
857 3005 886 3046 et
903 2994 1000 3047 illibe-

45 3084 93 3121 am
121 3067 229 3117 servari
255 3064 291 3115 iis
319 3064 424 3121 velim
460 3063 511 3115 etsi
539 3066 570 3116 in
599 3071 726 3114 mentem
752 3063 826 3114 mihi
847 3065 907 3115 ism
927 3060 1000 3116 olim

47 3134 199 3189 mendatio
224 3141 353 3199 venerut,
384 3132 551 3201 priusquam
576 3130 652 3200 apud
676 3130 742 3182 illos
764 3147 828 3182 earn
853 3132 998 3184 vidissem.

45 3208 134 3275 leque
163 3218 231 3253 vero
257 3218 304 3252 me
330 3201 468 3253 absterret
491 3200 672 3253 celeberrimi
692 3198 820 3251 Docierii
847 3199 998 3264 enituistis,
1077 3204 1081 3211 '

45 3273 85 3345 [ui
103 3272 172 3323 ideo
190 3288 207 3321 u
224 3269 377 3323 socerisui
397 3271 537 3321 sententis
556 3268 689 3335 decessit,
739 3268 788 3319 uio
806 3268 897 3319 ventis
922 3267 1006 3321 dedu

45 3341 96 3393 :ori
124 3338 280 3419 quicquum
305 3355 366 3390 non
395 3337 603 3390 commeminit.
649 3285 746 3406 Quidql
784 3335 927 3389 oblitusne
960 3339 1002 3388 cst

45 3408 195 3479 iirgiltoni
212 3407 301 3475 illius,
320 3408 390 3459 Aen.
415 3422 471 3460 120.

103 3476 230 3597 NiqraqpO
245 3476 343 3528 Hiemi
358 3475 495 3544 pecudem,
513 3470 651 3542 Zephyris
660 3470 794 3543 filicibus
811 3469 910 3527 albam.
987 3488 994 3509 ι’

45 3546 105 3600 ult
126 3560 143 3595 o
165 3580 173 3594 .
487 3560 491 3569 ·

104 3562 285 3671 littorium
300 3611 484 3689 immolabitur
503 3622 591 3681 caper,

833 3682 860 3759 6
956 3650 958 3654 ,
