2250 3990
95 126 160 193 344
378 141 411 201 a.
445 140 606 187 rosiris
641 140 773 187 ruico:

162 223 311 279 Horresoit
327 244 424 278 saevus
440 226 528 289 dorso,
549 237 574 276 et
590 238 724 293 postrema
744 226 860 293 capessit
931 257 939 273 .

166 294 286 360 Praelia‚
304 296 460 347 candentem
479 294 608 345 mandens
625 312 641 343 a
660 312 688 343 er
707 312 753 345 ore
770 312 903 347 eruorem.
983 334 986 343 .

97 362 290 433 Quamobrem
301 364 401 431 furens
423 362 560 415 libentius
576 310 659 431 sputi
669 362 805 415 Nostrum
823 362 956 433 legerim,
973 365 1050 437 quui
1079 366 1096 419 'u

96 434 223 492 'currens3
246 430 297 483 'sed
320 440 455 492 neutrum
478 430 580 499 placat.
627 428 713 482 atiud
733 432 812 482 enim
830 430 937 488 melius
953 436 1040 489 vene

96 514 152 569 que
168 498 330 569 suppeditat
347 497 505 563 acutissimi
523 498 712 559 Ninfleiusii
729 498 909 571 coniectura,

164 567 391 635 Horretaapillis
408 580 438 618 ut
456 568 575 617 marinus
593 568 695 633 arperis

198 635 328 701 Echinus,
348 649 394 687 aut
412 634 540 687 Laurens
561 642 642 701 apen·
701 696 703 701 ,

96 701 143 757 sie
160 703 239 755 enim
259 704 283 755 is
301 704 333 755 ln
351 703 421 770 libri
438 704 483 755 sui
499 703 646 771 margine3
666 698 746 753 Forte
759 703 914 777 legendum,
932 702 1041 769 Laurens,

96 772 157 823 vide
175 786 256 823 notas
271 773 306 823 ad
323 772 444 824 Nasonis
464 772 559 822 Fastos
578 774 619 822 Π.
655 770 736 823 Nihil
761 772 955 839 ingeniosius,
983 772 1042 825 nihil
1087 778 1096 829 i

96 840 204 893 certius
230 840 289 893 dici
316 850 414 910 potesn
459 840 583 891 Laurens
606 856 685 908 aper,
717 832 890 910 perpetuum
917 840 1058 911 epitheta:

95 909 188 978 poitie
212 909 301 965 Italis.
345 909 460 961 Praeter
483 906 569 959 illum
594 906 711 977 Virgilii
738 906 838 959 locum
861 908 923 961 iem
940 908 1059 963 ciuiuu-

74 974 154 1029 :elia
171 976 226 1029 tibi
243 976 354 1029 indicat
371 978 431 1047 ipse
449 976 583 1027 Heinsius
600 976 635 1028 ed
657 978 728 1028 Faet.
746 976 783 1042 11,
803 995 830 1028 v.
849 990 894 1045 25.
921 998 925 1013 =
1023 974 1029 1017 l
1089 996 1096 1033 t

167 1046 242 1097 Sicut
261 1062 330 1114 aper
346 1046 425 1095 silvis
442 1044 522 1112 longe
540 1044 731 1097 Laurentibus
749 1058 834 1111 aetus,
1032 1058 1050 1071 '¹

201 1113 340 1164 Fulmineo
360 1114 458 1165 celeres
475 1113 587 1179 dissipat
604 1130 650 1164 ore
668 1130 755 1165 canes.
804 1166 809 1175 ¹
1050 1141 1054 1154 ·

96 1180 161 1303 {liiv
175 1181 272 1251 plures
297 1181 411 1234 codices
437 1198 606 1253 perperam,
637 1180 790 1233 latratibus.
834 1179 919 1235 Idem
943 1178 1042 1248 Mein

166 1319 282 1375 Exierat,
300 1320 378 1369 tectis
394 1318 552 1371 Laurentes
570 1320 654 1371 Picus
670 1317 701 1369 in
720 1332 810 1385 agras,

166 1386 320 1454 Indigenas
331 1386 444 1453 fixurus
462 1404 555 1457 apros.

90 1448 232 1508 'Horatius
249 1454 339 1507 Serm.
358 1455 396 1521 11,
418 1472 444 1522 4.
462 1466 489 1506 v'.
507 1473 550 1522 4⁰·

170 1524 268 1574 Umber
286 1538 311 1575 at
329 1523 417 1591 iligna
434 1526 552 1574 nutritus
568 1524 678 1591 glande,
696 1520 827 1573 rotundas

164 1592 269 1643 Curvat
286 1608 354 1661 epar
372 1592 463 1643 lances
480 1610 588 1643 carnem
600 1593 712 1642 vitantis
728 1592 862 1641 inertem:

166 1659 386 1713 NarnLaureus
403 1661 490 1713 malus
509 1674 557 1727 ast,
574 1660 645 1711 ulvis
663 1672 690 1711 et
706 1656 838 1711 arundine
855 1656 979 1729 pinguia

97 1727 243 1781 Martialis
261 1730 308 1798 tx,
327 1742 371 1799 49.

165 1800 241 1849 Inter
261 1816 329 1866 quoe
346 1799 404 1850 rari
419 1798 595 1852 Laurentem
611 1794 739 1865 ponderis
757 1808 861 1866 aprum

161 1878 168 1896 ”
200 1867 337 1919 Misimus.

97 1940 127 1986 et
143 1934 176 2003 X,
198 1949 241 2053 ἦ.

202 2006 220 2053 Ι
231 2005 258 2053 ia
274 2003 419 2054 Laurentis
436 2020 497 2054 cum
513 2002 564 2054 nbi
580 2002 673 2054 demus
690 2000 757 2070 apri.

97 2077 127 2123 st
139 2070 289 2122 'catalecta
306 2072 366 2122 Vet.
385 2071 464 2122 Poet.

171 2138 227 2188 Vite
246 2140 351 2202 Sabine,
369 2138 464 2190 Lacon
479 2139 563 2203 sulco,
581 2155 630 2191 sue
649 2139 754 2205 cognite
770 2134 911 2189 Laurens.

97 2205 190 2274 Atque
210 2206 280 2257 haec
301 2206 449 2259 Heinsius:
481 2207 584 2276 quihus
609 2208 683 2258 nihil
710 2205 828 2269 addam,
861 2213 1058 2277 praeterquam

90 2276 174 2344 -quod
193 2273 307 2343 Virgilii
327 2292 423 2328 versus
442 2291 526 2395 suffire
547 2276 675 2328 laudatos
692 2274 724 2326 in
741 2275 863 2325 transitu
882 2276 1042 2347 corrigam:

166 2344 248 2393 Actus
265 2362 338 2411 aper,
357 2345 455 2395 multos
492 2345 588 2395 'esulus
606 2362 681 2412 qreem
699 2342 798 2409 pinifer
818 2358 907 2393 annos

166 2412 304 2476 Defendit,
322 2412 468 2480 :stultosque
484 2413 564 2479 palus
581 2412 739 2476 Laurentia,
757 2410 827 2461 silva

167 2480 264 2531 Paetus
284 2482 433 2531 arundinea
450 2490 504 2532 etc.

95 2546 148 2599 ubi
174 2549 301 2602 Servius:
323 2549 447 2614 -Pastus,
475 2568 524 2617 pro
547 2561 669 2616 pastum:
698 2564 762 2599 nam
786 2562 868 2612 supra
894 2547 934 2597 eit
962 2546 1063 2617 Quem:

79 2617 172 2682 Ἐνςο
202 2618 346 2683 Aritiptosis
371 2630 418 2668 est.
465 2619 556 2669 Recte
582 2617 699 2687 quidem
726 2614 930 2666 animadvertit
958 2632 1064 2684 pastum

94 2682 146 2734 nic
165 2683 223 2735 dici
242 2694 382 2754 oportere,
405 2703 463 2738 non
481 2699 582 2753 pastus.
619 2684 695 2754 Quid
714 2681 804 2751 ergo?
823 2699 859 2733 an
878 2682 947 2735 ideo
964 2686 1064 2739 herba·

95 2750 178 2803 rismi
196 2754 318 2806 absolvit
338 2753 508 2823 Virgilium,
528 2755 594 2823 quia
613 2754 766 2820 Antiptosin
782 2751 935 2805 nominat?
971 2754 1063 2824 Ques,
1083 2804 1086 2809 ,

95 2820 220 2885 melum,
243 2821 294 2872 illa
312 2822 488 2892 Antiptosis?
515 2830 563 2874 sut
582 2822 656 2874 unde
674 2822 701 2871 ei
720 2828 831 2871 tantum
851 2820 910 2887 ius,
934 2830 970 2872 ut
987 2840 1066 2875 com·

95 2904 213 2939 munem
239 2888 375 2959 loquendi
399 2908 508 2942 morem
554 2907 585 2942 ro
605 2890 690 2941 libitu
717 2888 879 2939 subvertat?
905 2892 955 2941 sed
983 2907 1065 2960 prae·

96 2964 175 3007 terea
193 2956 266 3008 illud
286 2958 364 3021 vide,
391 2977 467 3027 quem
486 2909 582 3010 mulier
601 2977 684 3010 annos
708 2956 818 3006 Vesulus
836 2956 976 3023 inaneis,
997 2960 1065 3011 mul·

94 3037 187 3092 tesqua
204 3028 284 3091 palus
302 3027 451 3077 Laurentia
470 3028 597 3094 defendit,
615 3044 701 3098 quatu
719 3024 814 3088 inane,
834 3026 1001 3093 verbosum,
1018 3028 1064 3079 iu·

94 3093 253 3159 variatum,
284 3104 311 3145 et
337 3114 354 3146 a
378 3095 495 3163 Virgilii
520 3113 599 3149 more
627 3105 655 3146 et
682 3094 768 3164 genio
787 3108 902 3162 prorsus
920 3093 1063 3147 alienum.

94 3161 163 3213 Sine
182 3162 269 3214 dubio
288 3163 377 3230 igitur
394 3163 473 3216 locris
492 3174 642 3235 corruptus
660 3173 717 3232 est,
739 3171 783 3231 et,
805 3159 861 3213 nisi
880 3162 965 3215 valde
987 3164 1065 3219 deoi-

94 3229 168 3298 pior,
187 3230 227 3283 sic
246 3232 357 3283 restitui
375 3232 473 3285 debet:

164 3300 245 3349 elatus
264 3318 336 3366 uper,
355 3302 453 3350 multos
475 3299 585 3351 Vesulus
602 3317 678 3367 quem
695 3303 797 3370 pinifer
814 3318 900 3354 anuos

163 3368 301 3431 Defendit,
320 3370 467 3435 multosque
484 3370 563 3433 polus
581 3366 731 3420 Laurentia
749 3374 822 3423 silva

163 3435 260 3487 Pascit
277 3438 432 3487 arundinea.
460 3435 505 3487 vel
523 3438 605 3502 pavit.

94 3500 196 3575 Neque
215 3520 282 3557 vera
307 3503 338 3555 in
356 3521 387 3557 re
405 3504 476 3557 tideo
499 3503 578 3557 clara
595 3503 679 3574 plura
695 3487 783 3559 verba
801 3520 985 3563 consumente
1014 3504 1065 3564 sed
