2228 3900
395 197 537 239 aranon
569 198 692 241 urata.
964 187 1031 255 339

55 284 138 333 toret
149 274 329 357 ¹collocatam
346 277 467 399 exigere,
486 292 606 357 cogere,
625 279 782 353 colligere;
811 287 860 333 aut
876 280 962 337 dotuo
981 285 1028 340 vel

53 346 216 417 mancipiis
228 346 274 398 rel
283 347 381 399 lundis
409 348 542 400 isenditrs
554 364 657 401 surum
666 362 716 401 aut
728 359 877 419 argentum
887 352 1027 423 recipere.

53 412 141 469 Nihil
156 414 289 468 usitatius
304 424 346 468 est
360 416 415 468 lrec
428 416 589 471 locutione:
608 426 640 468 ut
656 418 783 470 demirer
799 418 933 538 epuidem
950 422 1028 477 viros

54 484 189 537 eruditos
208 484 281 537 adeo
300 494 472 537 ususversos
488 484 537 537 hic
557 503 574 537 a
592 502 661 539 vero
679 484 790 541 obiisse.
839 486 927 541 liuius
935 489 1026 561 Epist.

52 552 109 617 111,
129 569 156 622 9.
192 554 243 617 Io,
260 554 304 618 io,
323 554 392 604 liber
409 556 443 604 ad
462 568 486 603 tc
504 556 599 605 uenio:
623 557 679 606 iam
695 558 845 607 sestertium
862 559 1026 627 quadragies

52 620 173 699 redegi,
200 632 279 687 parte
303 622 411 672 vendita
433 624 612 673 Baeticorum.
648 622 751 677 Cicero
775 622 902 676 Divinat.
928 626 960 677 iu
986 630 1023 701 Q.

53 689 221 749 Caecilium
243 706 269 761 c.
292 704 331 758 η.
365 690 471 741 Deinde
496 692 567 741 bona
593 692 699 755 vendit,
726 692 881 762 pecuniam
897 694 1018 764 redigit:

53 768 86 811 et
101 774 184 825 mox,
211 756 249 808 Co
271 759 292 808 it
308 772 472 826 quaestorem
484 777 567 809 stram
583 760 755 829 pecuniam,
774 778 853 830 quam
871 778 905 811 ex
921 754 1023 829 Agoni-

52 828 99 879 dis
114 826 193 878 ionis
208 842 241 878 re
261 826 372 895 egisset,
397 845 574 878 annumerare
594 842 619 879 et
637 829 755 879 reddere.
781 831 816 881 lu
837 830 916 891 Verr·
935 834 957 897 Ι,
978 834 1021 901 3⁶·

56 894 332 965 Reliqua-uendidit,
350 896 503 965 pecuniam
520 894 630 966 eregit:
650 913 711 948 curn
727 896 800 949 enirn
815 898 852 947 ad
870 896 901 949 il
905 898 969 950 —S
981 903 1024 951 ai-

53 965 110 1015 cies
128 964 273 1032 quinquies
290 963 432 1031 redegisse
449 978 600 1015 constaret:
627 972 656 1016 et
673 967 782 1019 ibidem
806 974 851 1033 58.
886 966 1021 1021 Pecuniae

54 1032 191 1083 redactae.
228 1032 335 1085 Contra
358 1032 479 1085 Rullum
502 1050 528 1084 c.
548 1034 591 1097 36.
636 1034 704 1084 Cum
735 1051 840 1085 amnem
865 1036 1021 1103 pecuniam

53 1118 88 1153 ee
112 1101 222 1151 aerario
246 1099 450 1167 esisausisse'tis,
479 1118 511 1151 ee
533 1101 712 1169 uectigalibus
734 1102 920 1172 redegissetis.
961 1104 1019 1158 Pro

52 1168 159 1223 Flacco
179 1186 203 1231 c.
223 1169 266 1237 5⁶·
303 1168 377 1236 Quid
399 1172 424 1221 si
446 1171 487 1220 ite
513 1172 602 1221 amnis
626 1169 750 1240 pecunia
774 1171 880 1222 reddita
904 1172 967 1222 ess?
993 1175 1020 1225 si

51 1238 164 1307 petita?
195 1238 222 1287 si
243 1236 378 1290 redacta?
412 1238 469 1291 Pro
491 1238 609 1290 Rabirio
633 1256 659 1291 c.
685 1256 726 1291 rr.
763 1241 871 1291 Saietae
887 1242 911 1290 is
930 1240 1020 1293 dicere

51 1312 84 1359 in
99 1324 171 1371 eum,
189 1307 237 1375 qui
254 1306 406 1384 pecuniam
423 1306 542 1376 redegit,
561 1306 608 1377 qui
622 1307 751 1373 inillam,
770 1310 846 1359 cuius
861 1310 969 1359 nomine
986 1327 1020 1363 eu

52 1374 180 1447 pecunia
201 1374 396 1444 redigeretur,
426 1392 481 1426 non
497 1374 617 1427 dixerit?
651 1374 778 1447 Philipp.
800 1378 835 1444 V,
863 1392 889 1443 4.
928 1376 1020 1430 Tanta

51 1446 181 1515 pecunia
204 1445 308 1494 unuin
330 1444 408 1495 doma
432 1458 590 1509 coacervata
613 1456 667 1506 est,
698 1458 728 1496 ut
752 1447 779 1496 si
801 1443 852 1495 hoc
876 1464 963 1512 genus
987 1449 1019 1499 ire

51 1530 135 1565 unum
160 1511 325 1579 redigatur,
360 1530 416 1563 non
441 1515 479 1563 sit
502 1514 616 1579 mcuuia
640 1512 707 1580 Pop.
732 1514 856 1565 Romano
880 1510 1017 1581 defutura.
1043 1538 1048 1548 ·

51 1580 184 1650 Philipp.
209 1580 293 1647 XIII,
321 1592 348 1648 5.
390 1582 556 1632 Decrevistir
579 1593 683 1631 tantam
725 1582 859 1635 ecuuiaru
882 1582 1019 1652 Pompeio,

52 1663 185 1717 quantam
211 1666 244 1699 ea
262 1649 340 1701 bunis
377 1651 469 1714 atriis,
498 1667 531 1700 es
554 1649 670 1718 praedae
712 1650 871 1718 issiparione
892 1651 1019 1717 inimicus

50 1719 141 1775 victor
157 1716 322 1786 redegisset.
356 1669 457 1770 iivtln
475 1718 511 1784 Il,
530 1734 573 1784 4u.
610 1716 745 1785 Quicquid
760 1730 865 1784 captum
883 1736 916 1769 ee
933 1718 1019 1771 hosti-

52 1784 103 1837 bus
129 1799 185 1850 est,
214 1786 344 1839 vendidit
363 1787 464 1838 Fabius
480 1785 594 1850 Consul,
624 1803 656 1835 ac
680 1783 792 1852 redegit
815 1787 846 1835 in
870 1786 1017 1853 pubiicum.

53 1854 137 1909 ldem
154 1853 253 1921 XXVI,
273 1868 316 1922 49.
351 1854 417 1905 Non
436 1855 468 1904 de
484 1855 600 1920 pondere
618 1854 681 1904 auri
699 1854 854 1971 argentique
878 1868 904 1905 et
919 1855 1021 1907 reduc·

54 1928 101 1977 tae
125 1923 268 1991 pecuniae
292 1926 423 1974 convenit.
467 1922 503 1975 Et
526 1922 684 1989 XXXVIII,
718 1938 767 1991 39„
832 1934 923 1972 antam
949 1926 1021 1991 auru

53 2006 184 2111 quantum
209 1991 330 2043 venditis
347 1993 469 2043 omuibus
486 1993 562 2042 banis
578 1990 673 2059 redigi
697 2008 751 2040 non
775 2003 870 2057 posset.
903 1991 1019 2061 Quinti·

70 2059 151 2112 'auus
174 2060 304 2113 Decium.
329 2063 362 2113 V.
405 2061 485 2110 Pater
501 2061 634 2110 universis
651 2060 727 2109 bonis
748 2058 778 2109 in
795 2075 878 2110 unrun
893 2060 1018 2112 reductis

52 2128 191 2199 profectus
209 2141 255 2180 est.
292 2130 373 2181 Idem
390 2126 518 2180 Decium.
538 2127 684 2179 chx1x.
721 2128 751 2179 Si
767 2127 882 2191 domum,
899 2129 925 2179 si
942 2146 1019 2179 man-

52 2198 135 2265 cipia,
153 2199 178 2247 si
197 2199 306 2249 vendita
324 2216 379 2248 esse
397 2200 501 2262 omnia,
521 2198 545 2246 si
561 2198 591 2247 in
607 2196 761 2279 pecuniam
778 2196 894 2248 redacta
912 2210 1038 2252 cansta·.

53 2264 111 2326 bit,·
129 2280 250 2332 superest
267 2280 296 2316 ut
315 2267 484 2335 deponendae
500 2267 627 2331 pecuniae
644 2264 783 2317 habuerim
801 2282 931 2317 caussam.
960 2266 1017 2316 Eu·

53 2335 168 2404 tropina
185 2333 237 2387 lib.
260 2335 337 2385 vnt.
373 2338 583 2384 instrumentum
608 2336 678 2400 regii
701 2335 789 2384 cultui
813 2334 955 2399 distraxit,
984 2351 1017 2385 aa

52 2421 102 2471 per
119 2405 186 2453 duos
211 2404 350 2454 continuas
374 2420 475 2453 menses
499 2400 624 2454 venditio
649 2401 742 2452 habita
769 2414 822 2465 est,
851 2403 1017 2471 multumque

54 2472 118 2524 auri
136 2471 294 2523 redactum.
328 2472 435 2539 Digest.
454 2470 504 2522 lib.
523 2470 574 2521 III.
591 2470 635 2522 tit.
654 2484 679 2536 5.
697 2478 764 2521 sect.
783 2478 826 2537 35.
861 2469 927 2519 Non
944 2472 1016 2521 enim

54 2541 202 2607 evestigio
221 2541 251 2590 in
267 2540 360 2606 officio
378 2541 504 2607 deliquit,
523 2540 547 2590 si
566 2555 621 2589 non
657 2538 760 2588 rotinus
777 2554 818 2587 res
836 2554 899 2587 suas
916 2538 1015 2588 distra-

50 2611 96 2661 ait
112 2608 149 2659 ad
173 2608 325 2675 pecuniam
352 2608 545 2675 redigendam.
581 2556 654 2658 Ibiai.
675 2608 712 2671 V,
736 2622 769 2672 5,
796 2620 836 2659 eo.
872 2605 1016 2658 Reductae

50 2696 88 2731 er
109 2678 195 2743 pretio
222 2694 310 2728 rerum
328 2678 496 2728 venditarum
519 2676 659 2745 pecuniae
684 2692 780 2725 usuras
803 2690 857 2724 non
880 2691 936 2724 esse
960 2676 1017 2725 exi-

50 2746 165 2813 gendas.
201 2746 240 2813 X,
261 2759 292 2811 2,
312 2747 353 2798 26.
390 2744 545 2796 Pecuniam
563 2762 595 2795 erc
611 2745 696 2809 pretio
714 2740 859 2794 redactum
884 2742 910 2793 ei
926 2760 1017 2794 nume·

52 2817 128 2878 rari,
153 2816 198 2865 cui
216 2816 307 2881 legata
323 2816 368 2866 sit.
403 2815 442 2881 X,
463 2830 493 2878 2,
513 2823 555 2881 33.
591 2811 646 2862 Hic
663 2827 813 2861 communes
832 2812 966 2930 pgpuuias
985 2829 1017 2863 ee

52 2882 185 2934 reditibus
219 2882 347 2934 reductas
380 2882 497 2948 singulis
524 2880 781 2932 subministraverat.
888 2919 896 2946 ,
928 2896 961 2945 4,
989 2894 1015 2935 2.

52 2952 188 3019 Quamvis
206 2968 240 3001 ea
267 2953 361 3002 ceteris
379 2949 533 3020 pecuniam
550 2966 628 3000 suam
652 2947 785 3017 redigere
801 2948 893 3013 possit.
929 2951 1017 3001 Asco-

50 3022 119 3072 nius
149 3020 290 3071 Pedianus
317 3020 353 3072 ad
381 3022 461 3072 Verr.
491 3019 515 3068 I.
541 3035 566 3069 c.
595 3034 638 3070 aa.
683 3016 878 3085 Quaestorem]
897 3033 959 3066 eum
982 3017 1018 3067 ad

50 3106 131 3159 quem
148 3087 319 3156 rediguntur
338 3089 478 3158 pecuniae
497 3105 529 3137 er
545 3086 687 3153 proscripti
704 3086 793 3149 bonis,
825 3096 850 3135 et
869 3102 885 3133 a
904 3102 955 3153 quo
973 3103 1017 3135 so-

49 3160 104 3209 ciis
123 3158 341 3208 adnumerantur.
384 3162 475 3224 Atque
500 3154 570 3205 haec
594 3154 745 3206 hactenus:
775 3168 847 3223 quae
871 3169 905 3203 eo
928 3152 1018 3205 {usius

51 3225 308 3291 accumulavimus,
328 3234 360 3278 ut
376 3241 443 3277 vera
460 3224 555 3289 lectio,
576 3239 648 3291 quae
666 3223 750 3274 toties
767 3223 795 3273 vi
815 3230 843 3272 et
860 3220 968 3272 iniuria
981 3220 1017 3272 de

49 3291 119 3347 loco
137 3310 189 3345 suo
206 3293 287 3363 pulsa
308 3303 363 3363 est,
392 3291 507 3346 tandem
531 3290 688 3362 aliquando
708 3291 741 3343 in
760 3290 873 3343 sedibus
891 3290 1017 3361 propriis

49 3379 155 3417 secura
175 3363 344 3432 requiescat.

135 3458 194 3530 lV.
252 3484 304 3529 sn
332 3482 509 3543 usuum,
527 3478 686 3529 rourum
713 3476 926 3527 staturum.

57 3630 60 3636 .
85 3580 112 3634 8·
133 3570 200 3623 Cum
216 3570 257 3625 iis
273 3584 315 3625 ter
332 3571 458 3625 ulnarum
474 3571 549 3640 roga]
587 3570 752 3642 Numquam
767 3566 831 3623 ridi
846 3560 1022 3633 aequiorem
