2250 3990
95 290 100 301 Ι
322 208 526 285 annutritus
560 235 632 281 ma.
667 213 693 283 l.
748 218 756 226 “
895 196 906 208 l
952 220 997 290 85

47 332 128 384 anus,
144 308 334 385 'amedaeum
354 312 515 384 μανιώδης,
535 309 795 397 ἅγριοςῃθρασύς,
814 322 868 371 ete.
890 320 997 390 passim

47 386 205 457 nditapud
223 390 327 456 poetas.
363 384 526 441 Prohibete
537 386 635 455 igitur,
654 401 713 438 ram
729 402 812 438 sensu
830 386 994 457 usitatiore,

47 455 196 520 nohibete,
232 459 341 534 inquit,
378 452 523 505 Bacchum
548 472 565 506 a
591 452 664 506 rixis
689 453 828 519 eruentis,
863 455 899 507 ad
924 474 994 527 quas

47 532 128 643 posthc
146 538 198 577 sua
222 523 318 577 facilis
341 531 371 575 et
395 521 533 592 proclivis
556 533 605 578 est.
648 522 748 575 Noster
770 520 930 593 apansa
956 525 993 580 dc

47 602 101 646 'acc
123 608 156 645 o:

97 659 184 715 Simul
200 658 316 711 calentis
332 657 541 713 inverecundus
560 660 625 711 derss
659 680 665 687 ¹

51 780 56 787 ,
100 727 257 779 Fervidiore
275 745 346 777 mero
366 746 465 779 areana
482 741 620 795 promorat
638 729 705 781 loeo.

47 802 133 849 auena
151 795 244 865 Epist.
263 804 305 864 85.
344 792 429 847 Omne
452 798 548 847 virium
566 797 681 849 ebrietas
698 809 724 848 er
740 799 859 850 incendit
877 812 904 851 et
921 800 992 851 dete·

47 866 87 915 ir:
114 865 264 916 obstantem
288 864 378 915 vnclis*
391 866 530 916 conatibus
555 867 744 917 verecundiam
763 880 887 919 removet.
922 869 992 921 Pro·

47 940 118 999 reto,
152 932 210 984 nisi
230 931 312 984 valde
336 930 437 998 fallor,
469 942 498 984 et
522 933 682 1004 simplicius
701 944 730 986 et
750 934 854 986 Brachi
873 944 992 989 naturae

47 1001 247 1053 onsenientius
264 1000 392 1069 videtur,
418 1010 449 1053 ut
467 1001 561 1071 potius
578 1002 686 1053 dixerit
704 1003 820 1069 Noster,
848 1004 994 1055 Prohibere

47 1068 179 1132 tacebam,
197 1086 231 1119 ne
248 1070 278 1119 in
295 1071 369 1119 rixas
384 1071 514 1137 incurrat,
533 1087 620 1141 quam
638 1069 782 1123 Prohibere
802 1072 942 1137 rixas,'ne
962 1075 994 1124 in

47 1135 164 1189 metam
178 1137 329 1188 incurrant.
488 1195 494 1205 ·
672 1148 675 1153 '

60 1222 71 1257 r
94 1242 101 1256 .
129 1206 225 1256 Cessat
246 1204 382 1273 voluntas]
420 1204 533 1257 Mirum
559 1218 626 1258 vero
645 1205 847 1259 vetustissimos
883 1220 993 1275 uosque

47 1276 68 1325 lo
91 1274 149 1327 'ces
168 1273 310 1341 Lambini,
330 1274 485 1341 Torrentii,
505 1282 587 1326 etex
604 1274 707 1327 nostris
726 1275 849 1344 optimos
910 1274 990 1325 iden·
1021 1268 1025 1285 ⁵

47 1356 95 1409 rm,
115 1340 319 1410 Graevinnum‚
341 1343 539 1411 Reginensem,
560 1358 622 1395 non
641 1344 780 1408 voluntas,
799 1344 848 1395 sed
866 1343 992 1409 voluptas

47 1408 144 1463 rbere.
193 1408 248 1463 San
273 1411 362 1465 altera
387 1411 473 1464 lectio
500 1410 642 1464 sincerior
666 1418 716 1466 est.
768 1411 874 1465 Statius
896 1408 989 1464 Theb.
1022 1437 1027 1444 ·

47 1480 75 1549 V»
95 1478 158 1549 ⁵9⁰·
795 1540 797 1545 .

164 1606 167 1611 ¹
328 1586 331 1591 -
582 1549 695 1599 adiuvat
710 1549 766 1615 ipse
896 1600 900 1607 ,

93 1612 221 1668 Phoebas
241 1616 276 1669 ad
293 1615 344 1669 boe
361 1632 464 1689 summo
482 1614 583 1683 (cesset
600 1618 630 1667 ni
647 1629 737 1668 vestra
754 1616 897 1683 voluntas)

94 1684 205 1737 Limisa.
234 1714 239 1725 ·

47 1750 122 1807 'alan
142 1750 260 1805 Flaccus
278 1744 327 1818 Ill,
341 1767 407 1823 471.
426 1799 430 1805 .
852 1816 856 1823 ἱ

97 1819 174 1889 Quin
192 1837 252 1889 age,
272 1821 345 1871 mirre
362 1836 604 1888 praesentemque
623 1831 663 1871 est
682 1820 732 1872 tibi
747 1832 840 1873 nostra
856 1821 989 1872 noluntas.

59 1900 104 1959 15.
133 1888 410 1940 Non'erubescendr's
428 1889 518 1939 adurit
537 1880 670 1955 ignibus,
699 1891 865 1959 ingenuoque
889 1906 992 1956 semper

47 1956 124 2011 ruore
143 1956 250 2029 peccas]
288 1957 353 2009 Non
377 1956 510 2010 videntur
533 1957 691 2027 percepisse
714 1958 786 2010 haec
810 1953 990 2027 interpretes.

47 2043 152 2097 agenno
170 2040 260 2077 amere
275 2042 402 2092 peecare,
429 2025 485 2077 hoc
503 2034 557 2092 est,
590 2025 733 2095 ingenuae
756 2026 903 2094 mulieris,
933 2041 991 2077 non

47 2094 169 2149 arillae:
204 2092 260 2163 Qui
280 2095 442 2146 enimcum
462 2093 576 2145 ancillis
594 2110 657 2146 rem
674 2094 824 2162 habebant,
843 2100 991 2164 tamquam

48 2163 155 2217 aniles
175 2170 204 2214 et
221 2161 350 2214 sordidae
368 2161 661 2228 luminalumina,
691 2162 766 2214 nrale
790 2162 875 2233 vulga
893 2162 992 2215 audie·

46 2240 108 2300 snt,
126 2238 158 2282 et
179 2230 349 2281 Ancillarioli
364 2232 552 2283 vocabantur:
578 2229 655 2281 unde
673 2232 774 2282 Noster
792 2233 885 2283 Carm.
907 2232 943 2297 ll,
964 2247 991 2295 4.

47 2302 137 2355 tlatnr
155 2297 308 2351 Xanthiam
328 2300 469 2368 quandam
488 2298 624 2368 exemplis
643 2298 776 2369 Achillei,
796 2309 825 2352 et
841 2304 991 2371 Agamem-

47 2370 122 2437 onis,
320 2404 323 2409 ·

97 2436 146 2489 Ne
167 2437 204 2486 sit
222 2435 337 2485 ancillae
355 2435 405 2486 tibi
425 2453 499 2485 amor
517 2435 620 2501 pudori.

47 2516 123 2577 sque
142 2504 212 2570 huc,
233 2513 261 2555 et
278 2521 335 2555 non
354 2503 411 2555 alio
433 2502 579 2573 pertinent
597 2500 658 2573 illa,
679 2523 733 2555 non
751 2505 932 2556 erubescendis
951 2504 993 2568 ig-

47 2578 125 2636 lbns5
144 2572 202 2623 hoc
222 2581 276 2638 est,
295 2589 353 2624 non
372 2571 510 2639 ancillae,
539 2573 588 2641 qui
606 2572 790 2639 erubescendi
810 2582 909 2625 essent.
944 2573 993 2622 Se-

47 2661 101 2697 eca
118 2640 301 2694 Controvers.
321 2640 386 2693 XXI
416 2649 515 2691 contra
539 2656 665 2709 servum,
693 2643 743 2710 qui
768 2640 878 2693 domini
902 2638 993 2692 filiam

47 2728 151 2767 nomm
172 2709 304 2776 duxerat,
325 2709 476 2758 Habeamus
493 2725 634 2774 generum,
662 2710 687 2759 si
702 2727 853 2776 possumus,
882 2724 991 2777 parens:

47 2786 72 2832 :'n
90 2782 279 2841 minus,·non
297 2776 512 2842 erubescendum,
542 2776 645 2843 idest,
676 2793 734 2827 non
753 2794 865 2829 servum
912 2777 993 2826 Idem
1041 2820 1044 2826 .

47 2852 171 2903 lontrov.
193 2846 239 2896 lx.
269 2846 369 2898 eodem
397 2862 486 2896 sensu.
530 2846 596 2895 Non
618 2846 818 2895 insanissimum
840 2845 994 2912 dispendiu-

47 2938 89 2968 um
109 2915 226 2977 malum,
253 2931 311 2965 non
337 2912 543 2965 erubescendos
564 2931 683 2977 amores,
713 2930 795 2982 neque
813 2914 993 2965 luxuriantem

47 2986 166 3046 abitum,
187 3000 269 3049 neque
286 2995 427 3048 nepotatur
444 2983 548 3032 obiiciis
559 2981 635 3046 filio.

64 3071 110 3122 19.
143 3052 254 3117 Quanta
282 3051 390 3103 laboras
416 3051 446 3100 in
470 3049 616 3116 Charybdi]
656 3048 740 3100 Deest
762 3047 935 3118 praepositio
961 3046 994 3097 in
1058 3069 1061 3077 ¹

47 3120 169 3175 mnibus
187 3119 267 3184 meis,
286 3118 372 3171 credo
391 3118 477 3169 etiam
498 3127 525 3167 et
543 3116 675 3167 aliorum.
712 3119 792 3171 Unde
810 3119 922 3170 codices
942 3114 994 3165 ali·

47 3199 104 3241 uot
120 3187 267 3239 laborabas
283 3187 407 3252 liabent,
438 3195 469 3236 nt
496 3183 568 3235 Laid
596 3183 705 3253 Zulichl
726 3194 754 3235 et
771 3203 821 3254 pro
840 3202 918 3237 varra
937 3183 995 3234 lec-

47 3252 306 3322 loneBattelianus,
326 3264 354 3306 et
371 3255 460 3306 editio
476 3257 582 3305 Veneta
601 3262 674 3324 1478.
709 3255 800 3323 Atque
816 3254 890 3304 hanc
908 3251 997 3320 scrip·

47 3343 131 3379 uram
157 3340 174 3375 a
198 3323 298 3391 magni
325 3324 451 3379 nominis
482 3322 550 3373 viris
583 3321 713 3389 vulgatae
737 3323 873 3391 anteponi
896 3320 995 3373 videos

47 3408 161 3466 [uorum
188 3391 320 3461 equidem
346 3391 502 3443 sententiae
521 3408 579 3442 non
597 3407 708 3460 possum
726 3391 867 3442 accedere.
906 3389 999 3456 Quor-

47 3480 99 3515 nrm
118 3460 200 3513 enim
220 3461 363 3511 laborabas
379 3469 526 3529 tamquam
544 3459 579 3508 de
603 3476 700 3510 amore
717 3458 889 3527 praeterito?
924 3456 999 3513 Cum

47 3532 97 3583 'tarn
113 3540 180 3582 tum
197 3528 356 3594 laboraret,
386 3545 453 3580 cum
470 3528 525 3581 hoc
543 3529 752 3593 interrogatu13
779 3524 809 3577 ut'
834 3526 912 3575 locus
938 3525 999 3592 ipsa

47 3598 118 3654 clare
134 3596 256 3651 indicat
283 3598 370 3668 Quid,
389 3596 464 3670 quod
481 3615 518 3651 ne
533 3596 670 3651 Latinum
688 3594 806 3667 quidem
822 3593 950 3662 ridetur,
965 3590 1010 3643 lo-
