<?xml version="1.0" encoding="UTF-8"?>
<!DOCTYPE html PUBLIC "-//W3C//DTD XHTML 1.0 Transitional//EN"
    "http://www.w3.org/TR/xhtml1/DTD/xhtml1-transitional.dtd">
<html xmlns="http://www.w3.org/1999/xhtml" xml:lang="en" lang="en">
 <head>
  <title>
</title>
<meta http-equiv="Content-Type" content="text/html;charset=utf-8" />
  <meta name='ocr-system' content='tesseract 3.04.00' />
  <meta name='ocr-capabilities' content='ocr_page ocr_carea ocr_par ocr_line ocrx_word'/>
</head>
<body>
  <div class='ocr_page' id='page_1' title='image "./richardibentlei00bentgoog_0196.png"; bbox 0 0 2250 3990; ppageno 0'>
   <div class='ocr_carea' id='block_1_1' title="bbox 295 278 971 378">
    <p class='ocr_par' dir='ltr' id='par_1_1' title="bbox 295 278 971 378">
     <span class='ocr_line' id='line_1_1' title="bbox 295 278 971 378; baseline 0.019 -37"><span class='ocrx_word' id='word_1_1' title='bbox 295 295 497 343; x_wconf 70' lang='lat' dir='ltr'>cunutuuut</span> <span class='ocrx_word' id='word_1_2' title='bbox 520 298 604 378; x_wconf 47' lang='lat' dir='ltr'>,nnn</span> <span class='ocrx_word' id='word_1_3' title='bbox 640 278 699 344; x_wconf 87' lang='lat'>111.</span> <span class='ocrx_word' id='word_1_4' title='bbox 909 288 971 355; x_wconf 83' lang='lat'>169</span> 
     </span>
    </p>
   </div>
   <div class='ocr_carea' id='block_1_2' title="bbox 48 380 972 727">
    <p class='ocr_par' dir='ltr' id='par_1_2' title="bbox 48 380 972 727">
     <span class='ocr_line' id='line_1_2' title="bbox 81 380 378 435; baseline -0.013 0"><span class='ocrx_word' id='word_1_5' title='bbox 81 382 178 435; x_wconf 75' lang='lat' dir='ltr'>tanus</span> <span class='ocrx_word' id='word_1_6' title='bbox 197 396 258 435; x_wconf 80' lang='lat' dir='ltr'>eras</span> <span class='ocrx_word' id='word_1_7' title='bbox 278 380 378 433; x_wconf 78' lang='lat' dir='ltr'>leuior:</span> 
     </span>
     <span class='ocr_line' id='line_1_3' title="bbox 48 448 972 523; baseline 0.003 -18"><span class='ocrx_word' id='word_1_8' title='bbox 48 450 125 523; x_wconf 72' lang='lat' dir='ltr'>zippe</span> <span class='ocrx_word' id='word_1_9' title='bbox 141 451 291 505; x_wconf 77' lang='lat' dir='ltr'>contrario</span> <span class='ocrx_word' id='word_1_10' title='bbox 311 449 397 519; x_wconf 81' lang='lat' dir='ltr'>plone</span> <span class='ocrx_word' id='word_1_11' title='bbox 413 464 496 503; x_wconf 76' lang='lat' dir='ltr'>sensu</span> <span class='ocrx_word' id='word_1_12' title='bbox 513 448 556 501; x_wconf 88' lang='lat' dir='ltr'>ihi</span> <span class='ocrx_word' id='word_1_13' title='bbox 575 450 702 520; x_wconf 86' lang='lat' dir='ltr'>ponitur,</span> <span class='ocrx_word' id='word_1_14' title='bbox 721 454 866 521; x_wconf 70' lang='lat' dir='ltr'>magisque</span> <span class='ocrx_word' id='word_1_15' title='bbox 879 456 972 509; x_wconf 82' lang='lat' dir='ltr'>officit</span> 
     </span>
     <span class='ocr_line' id='line_1_4' title="bbox 48 518 971 591; baseline 0.002 -19"><span class='ocrx_word' id='word_1_16' title='bbox 48 520 233 591; x_wconf 74' lang='lat' dir='ltr'>nuptoo&#39;opud</span> <span class='ocrx_word' id='word_1_17' title='bbox 251 519 385 583; x_wconf 77' lang='lat' dir='ltr'>Flaccum</span> <span class='ocrx_word' id='word_1_18' title='bbox 403 518 537 585; x_wconf 83' lang='lat' dir='ltr'>lectioni,</span> <span class='ocrx_word' id='word_1_19' title='bbox 567 521 692 587; x_wconf 81' lang='lat' dir='ltr'>quatu-si</span> <span class='ocrx_word' id='word_1_20' title='bbox 710 536 846 588; x_wconf 82' lang='lat' dir='ltr'>nusquam</span> <span class='ocrx_word' id='word_1_21' title='bbox 866 524 971 576; x_wconf 76' lang='lat' dir='ltr'>extitis-</span> 
     </span>
     <span class='ocr_line' id='line_1_5' title="bbox 48 586 970 655; baseline 0.003 -14"><span class='ocrx_word' id='word_1_22' title='bbox 48 600 68 641; x_wconf 79' lang='lat' dir='ltr'>t.</span> <span class='ocrx_word' id='word_1_23' title='bbox 99 587 144 641; x_wconf 83' lang='lat' dir='ltr'>Sic</span> <span class='ocrx_word' id='word_1_24' title='bbox 161 587 241 639; x_wconf 87' lang='lat' dir='ltr'>euim</span> <span class='ocrx_word' id='word_1_25' title='bbox 261 586 497 655; x_wconf 83' lang='lat' dir='ltr'>Glossographus‚</span> <span class='ocrx_word' id='word_1_26' title='bbox 523 589 706 653; x_wconf 81' lang='lat' dir='ltr'>Intaminata,</span> <span class='ocrx_word' id='word_1_27' title='bbox 732 588 970 643; x_wconf 84' lang='grc' dir='ltr'><em>ΜΙΑΝΘΕΝΤΑ.</em></span> 
     </span>
     <span class='ocr_line' id='line_1_6' title="bbox 48 651 969 727; baseline 0.004 -20"><span class='ocrx_word' id='word_1_28' title='bbox 48 674 79 709; x_wconf 81' lang='lat' dir='ltr'>tn</span> <span class='ocrx_word' id='word_1_29' title='bbox 95 656 191 721; x_wconf 82' lang='lat' dir='ltr'>noscis,</span> <span class='ocrx_word' id='word_1_30' title='bbox 212 656 281 725; x_wconf 87' lang='lat' dir='ltr'>quid</span> <span class='ocrx_word' id='word_1_31' title='bbox 300 656 337 707; x_wconf 83' lang='lat' dir='ltr'>tit</span> <span class='ocrx_word' id='word_1_32' title='bbox 352 651 526 721; x_wconf 71' lang='lat' dir='ltr'>ptuvdivrot:</span> <span class='ocrx_word' id='word_1_33' title='bbox 542 656 656 723; x_wconf 80' lang='lat' dir='ltr'>polluta,</span> <span class='ocrx_word' id='word_1_34' title='bbox 674 656 799 723; x_wconf 81' lang='lat' dir='ltr'>scilieet,</span> <span class='ocrx_word' id='word_1_35' title='bbox 819 662 969 727; x_wconf 69' lang='lat' dir='ltr'>inquinata.</span> 
     </span>
    </p>
   </div>
   <div class='ocr_carea' id='block_1_3' title="bbox 48 722 974 1409">
    <p class='ocr_par' dir='ltr' id='par_1_3' title="bbox 48 722 974 1409">
     <span class='ocr_line' id='line_1_7' title="bbox 48 722 969 795; baseline 0.002 -18"><span class='ocrx_word' id='word_1_36' title='bbox 48 724 235 795; x_wconf 75' lang='lat' dir='ltr'>umgrnplrut</span> <span class='ocrx_word' id='word_1_37' title='bbox 246 722 335 777; x_wconf 77' lang='lat' dir='ltr'>alter:</span> <span class='ocrx_word' id='word_1_38' title='bbox 356 722 506 790; x_wconf 74' lang='grc' dir='ltr'><strong><em>ΜΙΑῙΝΩ,</em></strong></span> <span class='ocrx_word' id='word_1_39' title='bbox 521 726 660 787; x_wconf 73' lang='lat' dir='ltr'><strong><em>atramina,</em></strong></span> <span class='ocrx_word' id='word_1_40' title='bbox 676 730 835 788; x_wconf 81' lang='lat' dir='ltr'>contamina,</span> <span class='ocrx_word' id='word_1_41' title='bbox 850 730 969 795; x_wconf 84' lang='lat' dir='ltr'>inquino,</span> 
     </span>
     <span class='ocr_line' id='line_1_8' title="bbox 48 792 968 865; baseline 0.004 -22"><span class='ocrx_word' id='word_1_42' title='bbox 48 792 119 856; x_wconf 83' lang='lat' dir='ltr'>&#39;lua,</span> <span class='ocrx_word' id='word_1_43' title='bbox 137 794 251 856; x_wconf 75' lang='lat' dir='ltr'>incesto,</span> <span class='ocrx_word' id='word_1_44' title='bbox 269 794 350 847; x_wconf 83' lang='lat' dir='ltr'>violo.</span> <span class='ocrx_word' id='word_1_45' title='bbox 386 792 460 860; x_wconf 78' lang='lat' dir='ltr'>Ergo</span> <span class='ocrx_word' id='word_1_46' title='bbox 478 792 501 843; x_wconf 90' lang='lat' dir='ltr'>si</span> <span class='ocrx_word' id='word_1_47' title='bbox 520 792 588 844; x_wconf 76' lang='lat' dir='ltr'>sodes</span> <span class='ocrx_word' id='word_1_48' title='bbox 606 792 750 845; x_wconf 78' lang='lat' dir='ltr'>(ilotsario</span> <span class='ocrx_word' id='word_1_49' title='bbox 770 795 897 847; x_wconf 74' lang='lat' dir='ltr'>hahendo</span> <span class='ocrx_word' id='word_1_50' title='bbox 919 806 968 865; x_wconf 79' lang='lat' dir='ltr'>est,</span> 
     </span>
     <span class='ocr_line' id='line_1_9' title="bbox 48 858 972 929; baseline 0.004 -18"><span class='ocrx_word' id='word_1_51' title='bbox 48 863 185 913; x_wconf 73' lang='lat' dir='ltr'>canimus</span> <span class='ocrx_word' id='word_1_52' title='bbox 199 860 345 911; x_wconf 77' lang='lat' dir='ltr'><em>honoribus</em></span> <span class='ocrx_word' id='word_1_53' title='bbox 356 858 434 909; x_wconf 86' lang='lat' dir='ltr'>idern</span> <span class='ocrx_word' id='word_1_54' title='bbox 445 860 528 926; x_wconf 82' lang='lat' dir='ltr'>toret,</span> <span class='ocrx_word' id='word_1_55' title='bbox 548 860 623 929; x_wconf 90' lang='lat' dir='ltr'>quod</span> <span class='ocrx_word' id='word_1_56' title='bbox 638 864 843 923; x_wconf 67' lang='lat' dir='ltr'>contaminans,-</span> <span class='ocrx_word' id='word_1_57' title='bbox 859 874 972 916; x_wconf 80' lang='lat' dir='ltr'>senteu-</span> 
     </span>
     <span class='ocr_line' id='line_1_10' title="bbox 48 928 972 997; baseline 0.004 -18"><span class='ocrx_word' id='word_1_58' title='bbox 48 970 53 979; x_wconf 90' lang='lat'><em>.</em></span> <span class='ocrx_word' id='word_1_59' title='bbox 78 930 212 990; x_wconf 65' lang='lat' dir='ltr'>ol’o&#39;e&#39;tae</span> <span class='ocrx_word' id='word_1_60' title='bbox 232 938 328 981; x_wconf 86' lang='lat' dir='ltr'>mente</span> <span class='ocrx_word' id='word_1_61' title='bbox 346 944 460 997; x_wconf 82' lang='lat' dir='ltr'>prorsus</span> <span class='ocrx_word' id='word_1_62' title='bbox 487 928 588 981; x_wconf 78' lang='lat' dir='ltr'>eliens.</span> <span class='ocrx_word' id='word_1_63' title='bbox 631 930 730 997; x_wconf 80' lang='lat' dir='ltr'>Neque</span> <span class='ocrx_word' id='word_1_64' title='bbox 755 948 820 983; x_wconf 86' lang='lat' dir='ltr'>vero</span> <span class='ocrx_word' id='word_1_65' title='bbox 843 942 972 983; x_wconf 87' lang='lat' dir='ltr'>oontem-</span> 
     </span>
     <span class='ocr_line' id='line_1_11' title="bbox 48 994 973 1065; baseline 0.004 -16"><span class='ocrx_word' id='word_1_66' title='bbox 48 996 108 1049; x_wconf 76' lang='lat' dir='ltr'>uda</span> <span class='ocrx_word' id='word_1_67' title='bbox 124 997 211 1049; x_wconf 73' lang='lat' dir='ltr'>fante</span> <span class='ocrx_word' id='word_1_68' title='bbox 235 1006 276 1047; x_wconf 85' lang='lat' dir='ltr'>est</span> <span class='ocrx_word' id='word_1_69' title='bbox 300 994 404 1065; x_wconf 80' lang='lat' dir='ltr'>cyrilli</span> <span class='ocrx_word' id='word_1_70' title='bbox 430 997 590 1048; x_wconf 78' lang='lat' dir='ltr'>auotoritas.</span> <span class='ocrx_word' id='word_1_71' title='bbox 638 998 711 1049; x_wconf 86' lang='lat' dir='ltr'>Nam</span> <span class='ocrx_word' id='word_1_72' title='bbox 737 999 767 1049; x_wconf 91' lang='lat' dir='ltr'>in</span> <span class='ocrx_word' id='word_1_73' title='bbox 796 1000 860 1051; x_wconf 75' lang='lat' dir='ltr'>toliis</span> <span class='ocrx_word' id='word_1_74' title='bbox 886 1000 973 1053; x_wconf 77' lang='lat' dir='ltr'>limus</span> 
     </span>
     <span class='ocr_line' id='line_1_12' title="bbox 48 1064 973 1134; baseline 0.006 -20"><span class='ocrx_word' id='word_1_75' title='bbox 48 1066 123 1127; x_wconf 64' lang='lat' dir='ltr'>instit</span> <span class='ocrx_word' id='word_1_76' title='bbox 143 1064 328 1134; x_wconf 78' lang='lat' dir='ltr'><strong>Compositis,</strong></span> <span class='ocrx_word' id='word_1_77' title='bbox 358 1064 407 1115; x_wconf 87' lang='lat' dir='ltr'>uhi</span> <span class='ocrx_word' id='word_1_78' title='bbox 426 1066 544 1117; x_wconf 85' lang='lat' dir='ltr'>verbum</span> <span class='ocrx_word' id='word_1_79' title='bbox 560 1064 679 1134; x_wconf 82' lang='lat' dir='ltr'>simplex</span> <span class='ocrx_word' id='word_1_80' title='bbox 696 1068 886 1133; x_wconf 79' lang='lat' dir='ltr'>polinianem,</span> <span class='ocrx_word' id='word_1_81' title='bbox 910 1086 973 1119; x_wconf 87' lang='lat' dir='ltr'>oon-</span> 
     </span>
     <span class='ocr_line' id='line_1_13' title="bbox 48 1133 973 1213; baseline 0.006 -28"><span class='ocrx_word' id='word_1_82' title='bbox 48 1136 130 1199; x_wconf 64' lang='lat' dir='ltr'>sitan,</span> <span class='ocrx_word' id='word_1_83' title='bbox 162 1134 208 1185; x_wconf 89' lang='lat' dir='ltr'>vel</span> <span class='ocrx_word' id='word_1_84' title='bbox 226 1136 370 1185; x_wconf 79' lang='lat' dir='ltr'>mixturam</span> <span class='ocrx_word' id='word_1_85' title='bbox 387 1140 481 1198; x_wconf 82' lang='lat' dir='ltr'>notat,</span> <span class='ocrx_word' id='word_1_86' title='bbox 512 1134 684 1213; x_wconf 71' lang='lat' dir='ltr'><strong>praepositio</strong></span> <span class='ocrx_word' id='word_1_87' title='bbox 705 1136 743 1185; x_wconf 82' lang='grc' dir='ltr'>ΙΝ</span> <span class='ocrx_word' id='word_1_88' title='bbox 761 1154 820 1187; x_wconf 85' lang='lat' dir='ltr'>nou</span> <span class='ocrx_word' id='word_1_89' title='bbox 839 1133 973 1205; x_wconf 65' lang='lat' dir='ltr'>negativa</span> 
     </span>
     <span class='ocr_line' id='line_1_14' title="bbox 49 1199 974 1271; baseline 0 -16"><span class='ocrx_word' id='word_1_90' title='bbox 49 1238 65 1267; x_wconf 82' lang='lat'>,</span> <span class='ocrx_word' id='word_1_91' title='bbox 85 1202 129 1255; x_wconf 80' lang='lat' dir='ltr'>ted</span> <span class='ocrx_word' id='word_1_92' title='bbox 149 1210 234 1271; x_wconf 76' lang='lat' dir='ltr'>suget</span> <span class='ocrx_word' id='word_1_93' title='bbox 250 1210 279 1253; x_wconf 88' lang='lat' dir='ltr'>et</span> <span class='ocrx_word' id='word_1_94' title='bbox 296 1199 422 1251; x_wconf 84' lang='lat' dir='ltr'>intendit</span> <span class='ocrx_word' id='word_1_95' title='bbox 439 1200 694 1269; x_wconf 78' lang='lat' dir='ltr'>significationem:</span> <span class='ocrx_word' id='word_1_96' title='bbox 714 1205 755 1253; x_wconf 83' lang='lat' dir='ltr'>sio</span> <span class='ocrx_word' id='word_1_97' title='bbox 775 1206 919 1269; x_wconf 85' lang='lat' dir='ltr'>intinctus,</span> <span class='ocrx_word' id='word_1_98' title='bbox 939 1206 974 1255; x_wconf 85' lang='lat' dir='ltr'>it-</span> 
     </span>
     <span class='ocr_line' id='line_1_15' title="bbox 49 1270 973 1341; baseline 0.004 -22"><span class='ocrx_word' id='word_1_99' title='bbox 49 1286 90 1335; x_wconf 73' lang='lat' dir='ltr'>ts,</span> <span class='ocrx_word' id='word_1_100' title='bbox 107 1274 274 1334; x_wconf 78' lang='lat' dir='ltr'>insincerus,</span> <span class='ocrx_word' id='word_1_101' title='bbox 290 1271 468 1334; x_wconf 77' lang='lat' dir='ltr'>incrustatur,</span> <span class='ocrx_word' id='word_1_102' title='bbox 486 1272 620 1333; x_wconf 85' lang='lat' dir='ltr'>incoctus,</span> <span class='ocrx_word' id='word_1_103' title='bbox 639 1270 802 1335; x_wconf 67' lang='lat' dir='ltr'>infirmatus,</span> <span class='ocrx_word' id='word_1_104' title='bbox 821 1275 973 1341; x_wconf 70' lang='lat' dir='ltr'>impt‘oatns,</span> 
     </span>
     <span class='ocr_line' id='line_1_16' title="bbox 49 1338 970 1409; baseline 0.003 -20"><span class='ocrx_word' id='word_1_105' title='bbox 49 1340 158 1401; x_wconf 78' lang='lat' dir='ltr'>mixtus,</span> <span class='ocrx_word' id='word_1_106' title='bbox 178 1338 323 1406; x_wconf 69' lang='lat' dir='ltr'>infucatim,</span> <span class='ocrx_word' id='word_1_107' title='bbox 340 1339 490 1400; x_wconf 87' lang='lat' dir='ltr'>inauratus,</span> <span class='ocrx_word' id='word_1_108' title='bbox 508 1340 619 1395; x_wconf 80' lang='lat' dir='ltr'>inustus,</span> <span class='ocrx_word' id='word_1_109' title='bbox 638 1340 794 1405; x_wconf 72' lang='lat' dir='ltr'>inebriatus,</span> <span class='ocrx_word' id='word_1_110' title='bbox 811 1350 840 1393; x_wconf 86' lang='lat' dir='ltr'>ot</span> <span class='ocrx_word' id='word_1_111' title='bbox 854 1338 970 1409; x_wconf 76' lang='lat' dir='ltr'>similia,</span> 
     </span>
    </p>
   </div>
   <div class='ocr_carea' id='block_1_4' title="bbox 52 1406 1058 1477">
    <p class='ocr_par' dir='ltr' id='par_1_4' title="bbox 52 1406 1058 1477">
     <span class='ocr_line' id='line_1_17' title="bbox 52 1406 1058 1477; baseline 0 -18"><span class='ocrx_word' id='word_1_112' title='bbox 52 1422 79 1459; x_wconf 78' lang='lat' dir='ltr'>n</span> <span class='ocrx_word' id='word_1_113' title='bbox 94 1416 212 1473; x_wconf 66' lang='lat' dir='ltr'>urgant,</span> <span class='ocrx_word' id='word_1_114' title='bbox 238 1422 338 1457; x_wconf 83' lang='lat' dir='ltr'>verum</span> <span class='ocrx_word' id='word_1_115' title='bbox 357 1407 510 1459; x_wconf 80' lang='lat' dir='ltr'>affirmant.</span> <span class='ocrx_word' id='word_1_116' title='bbox 547 1406 656 1477; x_wconf 76' lang='lat' dir='ltr'>Quidni</span> <span class='ocrx_word' id='word_1_117' title='bbox 674 1406 764 1475; x_wconf 81' lang='lat' dir='ltr'>igitur</span> <span class='ocrx_word' id='word_1_118' title='bbox 782 1412 973 1475; x_wconf 82' lang='lat' dir='ltr'>contaminare,</span> <span class='ocrx_word' id='word_1_119' title='bbox 1054 1416 1058 1427; x_wconf 94' lang='lat'>&#39;</span> 
     </span>
    </p>
   </div>
   <div class='ocr_carea' id='block_1_5' title="bbox 49 1474 1037 3730">
    <p class='ocr_par' dir='ltr' id='par_1_5' title="bbox 49 1474 1037 3730">
     <span class='ocr_line' id='line_1_18' title="bbox 51 1474 974 1542; baseline 0.002 -17"><span class='ocrx_word' id='word_1_120' title='bbox 51 1478 183 1539; x_wconf 79' lang='lat' dir='ltr'>aminare,</span> <span class='ocrx_word' id='word_1_121' title='bbox 200 1476 361 1526; x_wconf 78' lang='lat' dir='ltr'><strong><em>intaminare</em></strong></span> <span class='ocrx_word' id='word_1_122' title='bbox 378 1474 498 1527; x_wconf 82' lang='lat' dir='ltr'>eundem</span> <span class='ocrx_word' id='word_1_123' title='bbox 515 1474 575 1525; x_wconf 81' lang='lat' dir='ltr'>vim</span> <span class='ocrx_word' id='word_1_124' title='bbox 592 1474 728 1535; x_wconf 77' lang='lat' dir='ltr'>lrobeent;</span> <span class='ocrx_word' id='word_1_125' title='bbox 749 1486 781 1527; x_wconf 91' lang='lat' dir='ltr'>ut</span> <span class='ocrx_word' id='word_1_126' title='bbox 795 1481 974 1542; x_wconf 79' lang='lat' dir='ltr'><em>commiscere,</em></span> 
     </span>
     <span class='ocr_line' id='line_1_19' title="bbox 49 1542 1037 1613; baseline 0.006 -20"><span class='ocrx_word' id='word_1_127' title='bbox 49 1543 169 1609; x_wconf 81' lang='lat' dir='ltr'>mistero,</span> <span class='ocrx_word' id='word_1_128' title='bbox 187 1544 347 1607; x_wconf 73' lang='lat' dir='ltr'>immiscere,</span> <span class='ocrx_word' id='word_1_129' title='bbox 366 1542 441 1601; x_wconf 69' lang='lat' dir='ltr'>etid</span> <span class='ocrx_word' id='word_1_130' title='bbox 460 1558 549 1609; x_wconf 80' lang='lat' dir='ltr'>genus</span> <span class='ocrx_word' id='word_1_131' title='bbox 566 1542 642 1594; x_wconf 79' lang='lat' dir='ltr'>ulia?</span> <span class='ocrx_word' id='word_1_132' title='bbox 679 1544 777 1613; x_wconf 83' lang='lat' dir='ltr'>Neque</span> <span class='ocrx_word' id='word_1_133' title='bbox 796 1554 890 1597; x_wconf 64' lang='lat' dir='ltr'>tannen</span> <span class='ocrx_word' id='word_1_134' title='bbox 910 1564 974 1599; x_wconf 83' lang='lat' dir='ltr'>sunt</span> <span class='ocrx_word' id='word_1_135' title='bbox 1028 1558 1037 1567; x_wconf 72' lang='lat'><em>¹</em></span> 
     </span>
     <span class='ocr_line' id='line_1_20' title="bbox 49 1606 975 1689; baseline 0.002 -30"><span class='ocrx_word' id='word_1_136' title='bbox 49 1612 142 1679; x_wconf 72' lang='lat' dir='ltr'>unius,</span> <span class='ocrx_word' id='word_1_137' title='bbox 191 1610 326 1689; x_wconf 79' lang='lat' dir='ltr'>articipia</span> <span class='ocrx_word' id='word_1_138' title='bbox 349 1606 489 1680; x_wconf 77' lang='lat' dir='ltr'>quaedum</span> <span class='ocrx_word' id='word_1_139' title='bbox 507 1626 573 1661; x_wconf 88' lang='lat' dir='ltr'>cum</span> <span class='ocrx_word' id='word_1_140' title='bbox 592 1611 632 1660; x_wconf 84' lang='grc' dir='ltr'>ΙΝ</span> <span class='ocrx_word' id='word_1_141' title='bbox 649 1612 821 1680; x_wconf 84' lang='lat' dir='ltr'>composita,</span> <span class='ocrx_word' id='word_1_142' title='bbox 849 1614 975 1683; x_wconf 75' lang='lat' dir='ltr'>duplicis</span> 
     </span>
     <span class='ocr_line' id='line_1_21' title="bbox 49 1680 974 1751; baseline 0.004 -20"><span class='ocrx_word' id='word_1_143' title='bbox 49 1680 320 1751; x_wconf 78' lang='lat' dir='ltr'>=esigui1cationrs,</span> <span class='ocrx_word' id='word_1_144' title='bbox 341 1688 370 1729; x_wconf 86' lang='lat' dir='ltr'>et</span> <span class='ocrx_word' id='word_1_145' title='bbox 387 1680 550 1746; x_wconf 74' lang='lat' dir='ltr'>negativae,</span> <span class='ocrx_word' id='word_1_146' title='bbox 570 1686 597 1728; x_wconf 88' lang='lat' dir='ltr'>et</span> <span class='ocrx_word' id='word_1_147' title='bbox 615 1680 809 1731; x_wconf 75' lang='lat' dir='ltr'>affirruntivae.</span> <span class='ocrx_word' id='word_1_148' title='bbox 850 1684 974 1742; x_wconf 80' lang='lat' dir='ltr'>Proinde</span> 
     </span>
     <span class='ocr_line' id='line_1_22' title="bbox 53 1745 975 1818; baseline 0.001 -17"><span class='ocrx_word' id='word_1_149' title='bbox 53 1758 105 1817; x_wconf 74' lang='lat' dir='ltr'>got</span> <span class='ocrx_word' id='word_1_150' title='bbox 120 1750 225 1801; x_wconf 82' lang='lat' dir='ltr'>Lector</span> <span class='ocrx_word' id='word_1_151' title='bbox 243 1747 367 1818; x_wconf 84' lang='lat' dir='ltr'>peritus,</span> <span class='ocrx_word' id='word_1_152' title='bbox 394 1755 490 1797; x_wconf 89' lang='lat' dir='ltr'>utrum</span> <span class='ocrx_word' id='word_1_153' title='bbox 509 1745 595 1811; x_wconf 84' lang='lat' dir='ltr'>velit;</span> <span class='ocrx_word' id='word_1_154' title='bbox 623 1747 682 1797; x_wconf 88' lang='lat' dir='ltr'>sive</span> <span class='ocrx_word' id='word_1_155' title='bbox 699 1750 884 1812; x_wconf 70' lang='lat' dir='ltr'>bituminatis,</span> <span class='ocrx_word' id='word_1_156' title='bbox 915 1754 975 1802; x_wconf 81' lang='lat' dir='ltr'>sive</span> 
     </span>
     <span class='ocr_line' id='line_1_23' title="bbox 49 1814 975 1882; baseline 0.001 -15"><span class='ocrx_word' id='word_1_157' title='bbox 49 1820 239 1869; x_wconf 74' lang='lat' dir='ltr'>contaminaris</span> <span class='ocrx_word' id='word_1_158' title='bbox 255 1816 428 1879; x_wconf 83' lang='lat' dir='ltr'>honoribus;</span> <span class='ocrx_word' id='word_1_159' title='bbox 446 1831 494 1865; x_wconf 78' lang='lat' dir='ltr'>me</span> <span class='ocrx_word' id='word_1_160' title='bbox 511 1814 628 1882; x_wconf 86' lang='lat' dir='ltr'>quidem</span> <span class='ocrx_word' id='word_1_161' title='bbox 646 1814 758 1867; x_wconf 80' lang='lat' dir='ltr'>volente</span> <span class='ocrx_word' id='word_1_162' title='bbox 776 1819 915 1871; x_wconf 81' lang='lat' dir='ltr'>utrmnvis</span> <span class='ocrx_word' id='word_1_163' title='bbox 936 1820 975 1869; x_wconf 91' lang='lat' dir='ltr'>le·</span> 
     </span>
     <span class='ocr_line' id='line_1_24' title="bbox 49 1881 976 1953; baseline 0.004 -20"><span class='ocrx_word' id='word_1_164' title='bbox 49 1885 105 1939; x_wconf 76' lang='lat' dir='ltr'>rit:</span> <span class='ocrx_word' id='word_1_165' title='bbox 123 1886 163 1937; x_wconf 81' lang='lat' dir='ltr'>ite</span> <span class='ocrx_word' id='word_1_166' title='bbox 182 1894 276 1937; x_wconf 78' lang='lat' dir='ltr'>tomen</span> <span class='ocrx_word' id='word_1_167' title='bbox 297 1892 330 1934; x_wconf 90' lang='lat' dir='ltr'>ut</span> <span class='ocrx_word' id='word_1_168' title='bbox 348 1884 383 1935; x_wconf 87' lang='lat' dir='ltr'>ad</span> <span class='ocrx_word' id='word_1_169' title='bbox 401 1881 591 1952; x_wconf 81' lang='lat' dir='ltr'>posteriorem</span> <span class='ocrx_word' id='word_1_170' title='bbox 608 1882 763 1935; x_wconf 87' lang='lat' dir='ltr'>lectionem</span> <span class='ocrx_word' id='word_1_171' title='bbox 785 1886 873 1953; x_wconf 79' lang='lat' dir='ltr'>mngis</span> <span class='ocrx_word' id='word_1_172' title='bbox 891 1886 976 1937; x_wconf 82' lang='lat' dir='ltr'>ineli-</span> 
     </span>
     <span class='ocr_line' id='line_1_25' title="bbox 52 1950 975 2021; baseline 0 -16"><span class='ocrx_word' id='word_1_173' title='bbox 52 1954 213 2019; x_wconf 75' lang='lat' dir='ltr'>tsnimus3</span> <span class='ocrx_word' id='word_1_174' title='bbox 244 1968 310 2003; x_wconf 87' lang='lat' dir='ltr'>cum</span> <span class='ocrx_word' id='word_1_175' title='bbox 334 1952 447 2004; x_wconf 80' lang='lat' dir='ltr'>videam</span> <span class='ocrx_word' id='word_1_176' title='bbox 464 1950 665 2019; x_wconf 84' lang='lat' dir='ltr'>Decomposito</span> <span class='ocrx_word' id='word_1_177' title='bbox 690 1950 741 2001; x_wconf 83' lang='lat' dir='ltr'>illa</span> <span class='ocrx_word' id='word_1_178' title='bbox 761 1952 790 2002; x_wconf 88' lang='lat' dir='ltr'>iu</span> <span class='ocrx_word' id='word_1_179' title='bbox 810 1969 859 2003; x_wconf 86' lang='lat' dir='ltr'>usu</span> <span class='ocrx_word' id='word_1_180' title='bbox 879 1954 975 2021; x_wconf 84' lang='lat' dir='ltr'>fuisse,</span> 
     </span>
     <span class='ocr_line' id='line_1_26' title="bbox 52 2018 977 2088; baseline -0.001 -15"><span class='ocrx_word' id='word_1_181' title='bbox 52 2020 96 2073; x_wconf 83' lang='lat' dir='ltr'>ud</span> <span class='ocrx_word' id='word_1_182' title='bbox 111 2022 215 2075; x_wconf 85' lang='lat' dir='ltr'>multos</span> <span class='ocrx_word' id='word_1_183' title='bbox 232 2022 470 2083; x_wconf 75' lang='lat' dir='ltr'>incontaminatus,</span> <span class='ocrx_word' id='word_1_184' title='bbox 497 2018 572 2088; x_wconf 83' lang='lat' dir='ltr'>apud</span> <span class='ocrx_word' id='word_1_185' title='bbox 593 2018 813 2086; x_wconf 81' lang='lat' dir='ltr'>Tertullianum,</span> <span class='ocrx_word' id='word_1_186' title='bbox 834 2023 977 2073; x_wconf 81' lang='lat' dir='ltr'>Inattami-</span> 
     </span>
     <span class='ocr_line' id='line_1_27' title="bbox 52 2088 977 2155; baseline 0.004 -19"><span class='ocrx_word' id='word_1_187' title='bbox 52 2100 111 2141; x_wconf 81' lang='lat' dir='ltr'>tus:</span> <span class='ocrx_word' id='word_1_188' title='bbox 144 2092 188 2143; x_wconf 89' lang='lat' dir='ltr'>De</span> <span class='ocrx_word' id='word_1_189' title='bbox 207 2090 320 2141; x_wconf 85' lang='lat' dir='ltr'>Corona</span> <span class='ocrx_word' id='word_1_190' title='bbox 338 2088 443 2139; x_wconf 85' lang='lat' dir='ltr'>Militis</span> <span class='ocrx_word' id='word_1_191' title='bbox 460 2088 528 2155; x_wconf 82' lang='lat' dir='ltr'>Cup.</span> <span class='ocrx_word' id='word_1_192' title='bbox 548 2088 604 2139; x_wconf 87' lang='lat' dir='ltr'>XV.</span> <span class='ocrx_word' id='word_1_193' title='bbox 651 2090 732 2138; x_wconf 83' lang='lat' dir='ltr'>Serva</span> <span class='ocrx_word' id='word_1_194' title='bbox 752 2090 811 2139; x_wconf 85' lang='lat' dir='ltr'>Deo·</span> <span class='ocrx_word' id='word_1_195' title='bbox 829 2108 883 2140; x_wconf 87' lang='lat' dir='ltr'>rem</span> <span class='ocrx_word' id='word_1_196' title='bbox 900 2108 977 2141; x_wconf 87' lang='lat' dir='ltr'>suam</span> 
     </span>
     <span class='ocr_line' id='line_1_28' title="bbox 49 2154 978 2227; baseline 0.004 -20"><span class='ocrx_word' id='word_1_197' title='bbox 49 2162 251 2210; x_wconf 82' lang='lat' dir='ltr'>attaminatum:</span> <span class='ocrx_word' id='word_1_198' title='bbox 271 2156 347 2226; x_wconf 82' lang='lat' dir='ltr'>qnod</span> <span class='ocrx_word' id='word_1_199' title='bbox 366 2174 398 2207; x_wconf 86' lang='lat' dir='ltr'>oo</span> <span class='ocrx_word' id='word_1_200' title='bbox 415 2154 534 2207; x_wconf 83' lang='lat' dir='ltr'>consilio</span> <span class='ocrx_word' id='word_1_201' title='bbox 552 2155 661 2207; x_wconf 82' lang='lat' dir='ltr'>iactum</span> <span class='ocrx_word' id='word_1_202' title='bbox 676 2157 796 2223; x_wconf 84' lang='lat' dir='ltr'>videtur,</span> <span class='ocrx_word' id='word_1_203' title='bbox 817 2158 885 2227; x_wconf 83' lang='lat' dir='ltr'>qnia</span> <span class='ocrx_word' id='word_1_204' title='bbox 900 2176 978 2211; x_wconf 82' lang='lat' dir='ltr'>com-</span> 
     </span>
     <span class='ocr_line' id='line_1_29' title="bbox 49 2224 978 2295; baseline 0.001 -18"><span class='ocrx_word' id='word_1_205' title='bbox 49 2227 142 2279; x_wconf 78' lang='lat' dir='ltr'>»situm</span> <span class='ocrx_word' id='word_1_206' title='bbox 162 2229 341 2276; x_wconf 78' lang='lat' dir='ltr'>intaminatus</span> <span class='ocrx_word' id='word_1_207' title='bbox 358 2225 498 2277; x_wconf 82' lang='lat' dir='ltr'>diversam</span> <span class='ocrx_word' id='word_1_208' title='bbox 520 2224 606 2292; x_wconf 79' lang='lat' dir='ltr'>plane</span> <span class='ocrx_word' id='word_1_209' title='bbox 625 2224 865 2295; x_wconf 83' lang='lat' dir='ltr'>significationem</span> <span class='ocrx_word' id='word_1_210' title='bbox 892 2228 978 2279; x_wconf 86' lang='lat' dir='ltr'>hobe-</span> 
     </span>
     <span class='ocr_line' id='line_1_30' title="bbox 49 2293 978 2364; baseline 0.002 -21"><span class='ocrx_word' id='word_1_211' title='bbox 49 2300 72 2348; x_wconf 87' lang='lat' dir='ltr'>t.</span> <span class='ocrx_word' id='word_1_212' title='bbox 108 2294 251 2364; x_wconf 83' lang='lat' dir='ltr'>Sulpicius</span> <span class='ocrx_word' id='word_1_213' title='bbox 269 2304 364 2345; x_wconf 76' lang='lat' dir='ltr'>tamen</span> <span class='ocrx_word' id='word_1_214' title='bbox 383 2294 500 2345; x_wconf 82' lang='lat' dir='ltr'>Severus</span> <span class='ocrx_word' id='word_1_215' title='bbox 519 2293 561 2358; x_wconf 88' lang='lat' dir='ltr'>II,</span> <span class='ocrx_word' id='word_1_216' title='bbox 584 2306 626 2347; x_wconf 85' lang='lat'>21.</span> <span class='ocrx_word' id='word_1_217' title='bbox 663 2296 717 2344; x_wconf 74' lang='lat' dir='ltr'>Dei</span> <span class='ocrx_word' id='word_1_218' title='bbox 742 2298 838 2361; x_wconf 77' lang='lat' dir='ltr'>spiritu</span> <span class='ocrx_word' id='word_1_219' title='bbox 863 2314 978 2363; x_wconf 74' lang='lat' dir='ltr'>praesm-</span> 
     </span>
     <span class='ocr_line' id='line_1_31' title="bbox 49 2362 978 2429; baseline 0.004 -18"><span class='ocrx_word' id='word_1_220' title='bbox 49 2377 115 2429; x_wconf 68' lang='grc' dir='ltr'><strong><em>ητις,</em></strong></span> <span class='ocrx_word' id='word_1_221' title='bbox 141 2378 170 2415; x_wconf 89' lang='lat' dir='ltr'>ut</span> <span class='ocrx_word' id='word_1_222' title='bbox 187 2362 359 2413; x_wconf 78' lang='lat' dir='ltr'>intaminata</span> <span class='ocrx_word' id='word_1_223' title='bbox 376 2363 410 2411; x_wconf 81' lang='lat' dir='ltr'>ab</span> <span class='ocrx_word' id='word_1_224' title='bbox 428 2376 472 2412; x_wconf 83' lang='lat' dir='ltr'>ore</span> <span class='ocrx_word' id='word_1_225' title='bbox 490 2374 612 2427; x_wconf 85' lang='lat' dir='ltr'>corrupto</span> <span class='ocrx_word' id='word_1_226' title='bbox 632 2362 753 2428; x_wconf 78' lang='lat' dir='ltr'>etsalsis</span> <span class='ocrx_word' id='word_1_227' title='bbox 768 2382 833 2414; x_wconf 83' lang='lat' dir='ltr'>vera</span> <span class='ocrx_word' id='word_1_228' title='bbox 851 2368 978 2415; x_wconf 77' lang='lat' dir='ltr'>mittente</span> 
     </span>
     <span class='ocr_line' id='line_1_32' title="bbox 52 2430 978 2499; baseline 0.009 -22"><span class='ocrx_word' id='word_1_229' title='bbox 52 2440 93 2482; x_wconf 86' lang='lat' dir='ltr'>tra</span> <span class='ocrx_word' id='word_1_230' title='bbox 114 2450 163 2483; x_wconf 80' lang='lat' dir='ltr'>rua</span> <span class='ocrx_word' id='word_1_231' title='bbox 188 2445 291 2480; x_wconf 88' lang='lat' dir='ltr'>tantum</span> <span class='ocrx_word' id='word_1_232' title='bbox 317 2432 444 2497; x_wconf 79' lang='lat' dir='ltr'>mysteria</span> <span class='ocrx_word' id='word_1_233' title='bbox 468 2431 645 2479; x_wconf 75' lang='lat' dir='ltr'>contineretur</span> <span class='ocrx_word' id='word_1_234' title='bbox 671 2430 792 2482; x_wconf 80' lang='lat' dir='ltr'>historia.</span> <span class='ocrx_word' id='word_1_235' title='bbox 842 2434 915 2499; x_wconf 86' lang='lat' dir='ltr'>Ubi,</span> <span class='ocrx_word' id='word_1_236' title='bbox 953 2435 978 2485; x_wconf 87' lang='lat' dir='ltr'>si</span> 
     </span>
     <span class='ocr_line' id='line_1_33' title="bbox 49 2497 978 2570; baseline 0.003 -21"><span class='ocrx_word' id='word_1_237' title='bbox 49 2497 92 2551; x_wconf 79' lang='lat' dir='ltr'>der</span> <span class='ocrx_word' id='word_1_238' title='bbox 108 2499 279 2552; x_wconf 80' lang='lat' dir='ltr'>editionibus</span> <span class='ocrx_word' id='word_1_239' title='bbox 297 2507 421 2562; x_wconf 83' lang='lat' dir='ltr'>constat,</span> <span class='ocrx_word' id='word_1_240' title='bbox 455 2500 617 2547; x_wconf 82' lang='lat' dir='ltr'>intaminata</span> <span class='ocrx_word' id='word_1_241' title='bbox 640 2498 760 2565; x_wconf 84' lang='lat' dir='ltr'>perinde</span> <span class='ocrx_word' id='word_1_242' title='bbox 777 2510 818 2551; x_wconf 83' lang='lat' dir='ltr'>est</span> <span class='ocrx_word' id='word_1_243' title='bbox 835 2508 919 2570; x_wconf 81' lang='lat' dir='ltr'>atque</span> <span class='ocrx_word' id='word_1_244' title='bbox 937 2503 978 2551; x_wconf 83' lang='lat' dir='ltr'>in·</span> 
     </span>
     <span class='ocr_line' id='line_1_34' title="bbox 49 2568 425 2631; baseline -0.008 -12"><span class='ocrx_word' id='word_1_245' title='bbox 49 2571 210 2631; x_wconf 72' lang='lat' dir='ltr'>tutaminum,</span> <span class='ocrx_word' id='word_1_246' title='bbox 226 2568 425 2617; x_wconf 83' lang='lat' dir='ltr'>t&#39;nnttaminata.</span> 
     </span>
     <span class='ocr_line' id='line_1_35' title="bbox 59 2633 980 2706; baseline 0 -18"><span class='ocrx_word' id='word_1_247' title='bbox 59 2654 95 2706; x_wconf 85' lang='lat'>¹9·</span> <span class='ocrx_word' id='word_1_248' title='bbox 115 2636 175 2687; x_wconf 75' lang='lat' dir='ltr'>Nec</span> <span class='ocrx_word' id='word_1_249' title='bbox 191 2637 272 2685; x_wconf 79' lang='lat' dir='ltr'>sumit</span> <span class='ocrx_word' id='word_1_250' title='bbox 291 2648 337 2683; x_wconf 81' lang='lat' dir='ltr'>am</span> <span class='ocrx_word' id='word_1_251' title='bbox 354 2637 428 2701; x_wconf 83' lang='lat' dir='ltr'>pouit</span> <span class='ocrx_word' id='word_1_252' title='bbox 446 2633 561 2697; x_wconf 74' lang='lat' dir='ltr'>sectores]</span> <span class='ocrx_word' id='word_1_253' title='bbox 604 2634 673 2684; x_wconf 84' lang='lat' dir='ltr'>Tres</span> <span class='ocrx_word' id='word_1_254' title='bbox 691 2650 725 2684; x_wconf 80' lang='lat' dir='ltr'>ex</span> <span class='ocrx_word' id='word_1_255' title='bbox 747 2634 862 2703; x_wconf 85' lang='lat' dir='ltr'>nostris,</span> <span class='ocrx_word' id='word_1_256' title='bbox 893 2636 980 2705; x_wconf 82' lang='lat' dir='ltr'>Regi-</span> 
     </span>
     <span class='ocr_line' id='line_1_36' title="bbox 49 2702 980 2771; baseline 0.001 -16"><span class='ocrx_word' id='word_1_257' title='bbox 49 2710 128 2771; x_wconf 79' lang='lat' dir='ltr'>ensis,</span> <span class='ocrx_word' id='word_1_258' title='bbox 165 2702 355 2766; x_wconf 82' lang='lat' dir='ltr'>Bottolienus,</span> <span class='ocrx_word' id='word_1_259' title='bbox 387 2702 594 2769; x_wconf 77' lang='lat' dir='ltr'>vigorniensis,</span> <span class='ocrx_word' id='word_1_260' title='bbox 631 2702 691 2750; x_wconf 84' lang='lat' dir='ltr'>Noc</span> <span class='ocrx_word' id='word_1_261' title='bbox 716 2706 790 2770; x_wconf 81' lang='lat' dir='ltr'>pouit</span> <span class='ocrx_word' id='word_1_262' title='bbox 818 2716 864 2753; x_wconf 89' lang='lat' dir='ltr'>aut</span> <span class='ocrx_word' id='word_1_263' title='bbox 890 2708 980 2756; x_wconf 68' lang='lat' dir='ltr'>satiat.</span> 
     </span>
     <span class='ocr_line' id='line_1_37' title="bbox 50 2773 981 2841; baseline -0.001 -18"><span class='ocrx_word' id='word_1_264' title='bbox 50 2783 148 2825; x_wconf 83' lang='lat' dir='ltr'>antra:</span> <span class='ocrx_word' id='word_1_265' title='bbox 167 2773 247 2841; x_wconf 84' lang='lat' dir='ltr'>prius</span> <span class='ocrx_word' id='word_1_266' title='bbox 265 2787 343 2823; x_wconf 82' lang='lat' dir='ltr'>enim</span> <span class='ocrx_word' id='word_1_267' title='bbox 363 2778 404 2820; x_wconf 86' lang='lat' dir='ltr'>est</span> <span class='ocrx_word' id='word_1_268' title='bbox 420 2788 531 2833; x_wconf 71' lang='lat' dir='ltr'>statuere,</span> <span class='ocrx_word' id='word_1_269' title='bbox 550 2784 636 2838; x_wconf 83' lang='lat' dir='ltr'>quam</span> <span class='ocrx_word' id='word_1_270' title='bbox 653 2780 778 2821; x_wconf 86' lang='lat' dir='ltr'>sumtum</span> <span class='ocrx_word' id='word_1_271' title='bbox 794 2789 902 2838; x_wconf 82' lang='lat' dir='ltr'>ponere.</span> <span class='ocrx_word' id='word_1_272' title='bbox 933 2773 981 2823; x_wconf 84' lang='lat' dir='ltr'>Se-</span> 
     </span>
     <span class='ocr_line' id='line_1_38' title="bbox 50 2837 980 2911; baseline -0.001 -20"><span class='ocrx_word' id='word_1_273' title='bbox 50 2858 91 2894; x_wconf 76' lang='lat' dir='ltr'>tce</span> <span class='ocrx_word' id='word_1_274' title='bbox 110 2844 224 2911; x_wconf 71' lang='lat' dir='ltr'>Quaest.</span> <span class='ocrx_word' id='word_1_275' title='bbox 245 2837 371 2891; x_wconf 78' lang='lat' dir='ltr'>Natural.</span> <span class='ocrx_word' id='word_1_276' title='bbox 393 2840 422 2903; x_wconf 87' lang='lat' dir='ltr'>l,</span> <span class='ocrx_word' id='word_1_277' title='bbox 448 2856 474 2907; x_wconf 78' lang='lat'>7.</span> <span class='ocrx_word' id='word_1_278' title='bbox 519 2839 635 2904; x_wconf 79' lang='lat' dir='ltr'>Speciem</span> <span class='ocrx_word' id='word_1_279' title='bbox 646 2838 720 2904; x_wconf 83' lang='lat' dir='ltr'>salsi</span> <span class='ocrx_word' id='word_1_280' title='bbox 737 2838 850 2903; x_wconf 82' lang='lat' dir='ltr'>coloris,</span> <span class='ocrx_word' id='word_1_281' title='bbox 875 2841 980 2907; x_wconf 77' lang='lat' dir='ltr'>qualem</span> 
     </span>
     <span class='ocr_line' id='line_1_39' title="bbox 50 2906 980 2976; baseline 0.003 -19"><span class='ocrx_word' id='word_1_282' title='bbox 50 2911 201 2961; x_wconf 77' lang='lat' dir='ltr'>iamim-um</span> <span class='ocrx_word' id='word_1_283' title='bbox 220 2910 309 2959; x_wconf 77' lang='lat' dir='ltr'>ceruix</span> <span class='ocrx_word' id='word_1_284' title='bbox 330 2917 359 2959; x_wconf 89' lang='lat' dir='ltr'>et</span> <span class='ocrx_word' id='word_1_285' title='bbox 375 2906 463 2959; x_wconf 76' lang='lat' dir='ltr'>sumit</span> <span class='ocrx_word' id='word_1_286' title='bbox 479 2914 507 2956; x_wconf 87' lang='lat' dir='ltr'>et</span> <span class='ocrx_word' id='word_1_287' title='bbox 531 2906 628 2976; x_wconf 88' lang='lat' dir='ltr'>ponit,</span> <span class='ocrx_word' id='word_1_288' title='bbox 661 2918 800 2973; x_wconf 83' lang='lat' dir='ltr'>utcumque</span> <span class='ocrx_word' id='word_1_289' title='bbox 819 2908 980 2975; x_wconf 70' lang='lat' dir='ltr'>dqlestitur.</span> 
     </span>
     <span class='ocr_line' id='line_1_40' title="bbox 50 2978 298 3043; baseline -0.016 -12"><span class='ocrx_word' id='word_1_290' title='bbox 50 2994 154 3031; x_wconf 82' lang='lat' dir='ltr'>ucanus</span> <span class='ocrx_word' id='word_1_291' title='bbox 174 2978 219 3043; x_wconf 81' lang='lat' dir='ltr'>tx,</span> <span class='ocrx_word' id='word_1_292' title='bbox 230 2991 298 3029; x_wconf 66' lang='lat' dir='ltr'>eoo.</span> 
     </span>
     <span class='ocr_line' id='line_1_41' title="bbox 90 3042 832 3111; baseline -0.011 -13"><span class='ocrx_word' id='word_1_293' title='bbox 90 3048 164 3098; x_wconf 82' lang='lat' dir='ltr'>Iuvit</span> <span class='ocrx_word' id='word_1_294' title='bbox 185 3053 280 3097; x_wconf 84' lang='lat' dir='ltr'>sumta</span> <span class='ocrx_word' id='word_1_295' title='bbox 296 3044 393 3107; x_wconf 84' lang='lat' dir='ltr'>uirum,</span> <span class='ocrx_word' id='word_1_296' title='bbox 414 3044 482 3094; x_wconf 87' lang='lat' dir='ltr'>iuvit</span> <span class='ocrx_word' id='word_1_297' title='bbox 501 3042 618 3094; x_wconf 84' lang='lat' dir='ltr'>dimissa</span> <span class='ocrx_word' id='word_1_298' title='bbox 636 3054 763 3111; x_wconf 82' lang='lat' dir='ltr'>potestas.</span> <span class='ocrx_word' id='word_1_299' title='bbox 828 3066 832 3073; x_wconf 93' lang='lat'>·</span> 
     </span>
     <span class='ocr_line' id='line_1_42' title="bbox 56 3109 984 3183; baseline -0.002 -20"><span class='ocrx_word' id='word_1_300' title='bbox 56 3118 96 3172; x_wconf 76' lang='lat'>26.</span> <span class='ocrx_word' id='word_1_301' title='bbox 119 3116 175 3183; x_wconf 82' lang='lat' dir='ltr'>Qui</span> <span class='ocrx_word' id='word_1_302' title='bbox 192 3114 296 3163; x_wconf 74' lang='lat' dir='ltr'>Cereris</span> <span class='ocrx_word' id='word_1_303' title='bbox 319 3131 424 3162; x_wconf 86' lang='lat' dir='ltr'>sacrum</span> <span class='ocrx_word' id='word_1_304' title='bbox 455 3111 580 3177; x_wconf 81' lang='lat' dir='ltr'>l&#39;ulgarit</span> <span class='ocrx_word' id='word_1_305' title='bbox 605 3110 730 3178; x_wconf 80' lang='lat' dir='ltr'>orcanae]</span> <span class='ocrx_word' id='word_1_306' title='bbox 767 3110 856 3163; x_wconf 79' lang='lat' dir='ltr'>Recte</span> <span class='ocrx_word' id='word_1_307' title='bbox 879 3109 984 3162; x_wconf 81' lang='lat' dir='ltr'>vetusti</span> 
     </span>
     <span class='ocr_line' id='line_1_43' title="bbox 50 3178 984 3249; baseline -0.009 -12"><span class='ocrx_word' id='word_1_308' title='bbox 50 3185 156 3243; x_wconf 82' lang='lat' dir='ltr'>udices,</span> <span class='ocrx_word' id='word_1_309' title='bbox 187 3181 362 3232; x_wconf 83' lang='lat' dir='ltr'>Graevinnus</span> <span class='ocrx_word' id='word_1_310' title='bbox 380 3190 408 3233; x_wconf 91' lang='lat' dir='ltr'>et</span> <span class='ocrx_word' id='word_1_311' title='bbox 428 3179 612 3248; x_wconf 80' lang='lat' dir='ltr'>Reginonsis,</span> <span class='ocrx_word' id='word_1_312' title='bbox 633 3180 767 3247; x_wconf 78' lang='lat' dir='ltr'>volgarit5</span> <span class='ocrx_word' id='word_1_313' title='bbox 794 3197 852 3231; x_wconf 89' lang='lat' dir='ltr'>non</span> <span class='ocrx_word' id='word_1_314' title='bbox 872 3188 904 3230; x_wconf 89' lang='lat' dir='ltr'>ut</span> <span class='ocrx_word' id='word_1_315' title='bbox 922 3178 984 3249; x_wconf 85' lang='lat' dir='ltr'>qui·</span> 
     </span>
     <span class='ocr_line' id='line_1_44' title="bbox 50 3248 985 3319; baseline -0.004 -14"><span class='ocrx_word' id='word_1_316' title='bbox 50 3272 86 3305; x_wconf 89' lang='lat' dir='ltr'>un</span> <span class='ocrx_word' id='word_1_317' title='bbox 106 3270 141 3303; x_wconf 84' lang='lat' dir='ltr'>ex</span> <span class='ocrx_word' id='word_1_318' title='bbox 159 3248 382 3318; x_wconf 86' lang='lat' dir='ltr'>recentioribus,</span> <span class='ocrx_word' id='word_1_319' title='bbox 407 3249 543 3313; x_wconf 79' lang='lat' dir='ltr'>Vulgaot&#39;t.</span> <span class='ocrx_word' id='word_1_320' title='bbox 577 3248 683 3317; x_wconf 88' lang='lat' dir='ltr'>Porro,</span> <span class='ocrx_word' id='word_1_321' title='bbox 702 3256 744 3302; x_wconf 85' lang='lat' dir='ltr'>est</span> <span class='ocrx_word' id='word_1_322' title='bbox 761 3249 813 3319; x_wconf 84' lang='lat' dir='ltr'>qui</span> <span class='ocrx_word' id='word_1_323' title='bbox 830 3248 985 3319; x_wconf 78' lang='lat' dir='ltr'>legendum</span> 
     </span>
     <span class='ocr_line' id='line_1_45' title="bbox 50 3325 231 3388; baseline -0.022 -13"><span class='ocrx_word' id='word_1_324' title='bbox 50 3330 160 3388; x_wconf 80' lang='lat' dir='ltr'>tturuet,</span> <span class='ocrx_word' id='word_1_325' title='bbox 227 3325 231 3331; x_wconf 85' lang='grc'><strong>’</strong></span> 
     </span>
     <span class='ocr_line' id='line_1_46' title="bbox 327 3385 630 3453; baseline 0.013 -19"><span class='ocrx_word' id='word_1_326' title='bbox 327 3388 374 3453; x_wconf 76' lang='lat' dir='ltr'>qui</span> <span class='ocrx_word' id='word_1_327' title='bbox 393 3385 499 3437; x_wconf 80' lang='lat' dir='ltr'>Cereris</span> <span class='ocrx_word' id='word_1_328' title='bbox 516 3400 630 3438; x_wconf 82' lang='lat' dir='ltr'>sacrum</span> 
     </span>
     <span class='ocr_line' id='line_1_47' title="bbox 95 3456 389 3522; baseline 0.003 -16"><span class='ocrx_word' id='word_1_329' title='bbox 95 3456 221 3522; x_wconf 70' lang='lat' dir='ltr'>Vulgarit</span> <span class='ocrx_word' id='word_1_330' title='bbox 242 3470 389 3509; x_wconf 79' lang='lat' dir='ltr'>arcanum.</span> 
     </span>
     <span class='ocr_line' id='line_1_48' title="bbox 50 3524 307 3594; baseline -0.016 -17"><span class='ocrx_word' id='word_1_331' title='bbox 50 3525 146 3579; x_wconf 82' lang='lat' dir='ltr'>:olibi</span> <span class='ocrx_word' id='word_1_332' title='bbox 166 3524 254 3594; x_wconf 86' lang='lat' dir='ltr'>Epod.</span> <span class='ocrx_word' id='word_1_333' title='bbox 274 3525 307 3573; x_wconf 83' lang='lat' dir='ltr'>V.</span> 
     </span>
     <span class='ocr_line' id='line_1_49' title="bbox 243 3590 618 3659; baseline 0.005 -18"><span class='ocrx_word' id='word_1_334' title='bbox 243 3594 355 3643; x_wconf 78' lang='lat' dir='ltr'>Arcano</span> <span class='ocrx_word' id='word_1_335' title='bbox 374 3590 418 3643; x_wconf 87' lang='lat' dir='ltr'>cui</span> <span class='ocrx_word' id='word_1_336' title='bbox 431 3590 509 3659; x_wconf 76' lang='lat' dir='ltr'>fiunt</span> <span class='ocrx_word' id='word_1_337' title='bbox 527 3606 618 3649; x_wconf 76' lang='lat' dir='ltr'>sucre.</span> 
     </span>
     <span class='ocr_line' id='line_1_50' title="bbox 50 3657 356 3730; baseline -0.007 -15"><span class='ocrx_word' id='word_1_338' title='bbox 50 3660 109 3715; x_wconf 77' lang='lat' dir='ltr'>sid.</span> <span class='ocrx_word' id='word_1_339' title='bbox 130 3657 220 3730; x_wconf 80' lang='lat' dir='ltr'>Epist.</span> <span class='ocrx_word' id='word_1_340' title='bbox 242 3658 356 3713; x_wconf 72' lang='lat' dir='ltr'>Medea.</span> 
     </span>
    </p>
   </div>
   <div class='ocr_carea' id='block_1_6' title="bbox 0 0 1134 3990">
    <p class='ocr_par' dir='ltr' id='par_1_6' title="bbox 0 0 1134 3990">
     <span class='ocr_line' id='line_1_51' title="bbox 0 0 1134 3990; baseline 0 0"><span class='ocrx_word' id='word_1_341' title='bbox 0 0 1134 3990; x_wconf 95' lang='lat' dir='ltr'> </span> 
     </span>
    </p>
   </div>
  </div>
 </body>
</html>
